2866 4754
273 349 336 414 388
375 399 382 406 .
726 339 855 408 ANTE.

282 547 284 553 ,
325 539 328 546 .
378 474 454 557 Anti
477 497 553 554 aliae
579 507 606 551 et
630 506 697 552 aute
721 514 815 552 umnec
839 495 872 548 iu'
891 495 1024 549 codicibus
1048 495 1180 550 interdum
1206 497 1316 549 confusa

234 649 235 654 ¹
286 641 287 646 ,
308 611 317 630 e
343 597 417 640 suut:
435 587 467 638 de
483 583 534 654 qua
551 602 581 636 re
595 583 648 637 sid.
666 587 805 638 Bu1munn.
821 581 856 634 ad
876 581 973 650 virgil.
995 585 1026 634 A.
1042 582 1077 648 2,
1095 581 1138 634 40.
1157 601 1185 652 p.
1204 581 1264 634 197.

359 706 391 770 5.
419 703 509 769 Ante
526 701 643 766 omnia
659 701 778 764 dicitur
794 709 826 764 et
847 697 888 764 de
905 700 1015 790 prima
1030 722 1084 781 re,
1098 745 1100 750 .
1115 699 1185 764 aliis
1203 701 1316 764 omni-

277 791 338 856 bus
352 789 578 862 antecedente,
601 785 686 850 etde
702 809 738 850 re
778 784 929 872 raecipua
953 795 983 850 at
1009 807 1049 849 ue
1064 785 1107 849 ob
1124 787 1156 849 di
1181 786 1316 850 nitatem

279 889 312 941 et
325 877 391 941 vim
408 895 501 938 suam
515 871 682 960 primaria.
724 809 810 934 iliud
828 871 894 934 iam
911 809 1115 940 inteliexerat
1183 870 1316 979 o'pkeu-

278 963 361 1038 sius,
395 980 497 1044 quum
521 961 556 1020 in
581 956 718 1020 Miscell.
742 955 877 1020 Observ.
905 955 947 1026 Τ.
972 961 1004 1021 8.
1026 979 1060 1041 p.
1080 959 1132 1020 36.
1158 967 1190 1020 et
1221 955 1257 1019 Γ.
1282 961 1314 1022 9.

277 1069 312 1134 p.
326 1045 399 1127 250.
415 1040 691 1130 interpretabatur
704 1038 893 1128 confestim,
912 1050 995 1106 aute·
1007 1039 1105 1104 aliud
1120 1040 1316 1128 quidquam,

277 1150 386 1216 neque
400 1127 460 1192 alia
478 1128 587 1193 verior
604 1147 732 1205 caussa,
753 1147 852 1212 quam
868 1127 987 1191 invidio
1003 1135 1034 1189 et
1049 1147 1185 1190 coecum
1202 1126 1318 1193 odium

251 1221 254 1231 “
276 1217 504 1284 Burmannum
521 1213 691 1286 excitavit,
714 1213 800 1276 utin
815 1211 954 1276 Miscell.
975 1211 1055 1276 Obs.
1076 1211 1117 1276 T.
1133 1216 1165 1276 8.
1188 1234 1223 1299 p.
1240 1216 1315 1277 369.
1334 1243 1335 1246 ¹

279 1313 311 1368 et
328 1303 367 1365 ad
383 1303 461 1364 Aen.
476 1304 514 1375 2,
545 1297 598 1360 40.
622 1299 779 1362 acerrime
803 1295 895 1361 illam
922 1297 1166 1384 expositionem
1186 1298 1316 1384 vitupe-

276 1398 373 1454 raret.
410 1385 491 1449 ,coit
506 1381 593 1447 enim
610 1393 747 1469 utraque
762 1381 847 1446 rutio
863 1382 992 1468 primae
1006 1382 1179 1447 locationis
1196 1393 1228 1447 et
1243 1384 1315 1469 pri-

261 1475 398 1545 -mariae
413 1467 576 1554 diguitatis
592 1467 627 1534 iu
643 1490 761 1545 unam,
788 1487 895 1552 neque
911 1469 1049 1531 omuino
1067 1468 1184 1532 desunt
1201 1490 1316 1533 exem-

221 1565 223 1574 '
276 1560 349 1647 pla,
365 1556 425 1622 .vel
440 1562 596 1639 sequente
617 1553 778 1640 particula
800 1563 890 1632 tum,
916 1552 969 1618 vel
987 1552 1138 1618 absoluto
1160 1575 1233 1618 usu.
1275 1553 1317 1618 lu

198 1699 200 1704 .
277 1633 378 1708 altera
413 1640 542 1705 ratione
582 1638 778 1726 ”explicanda
809 1637 955 1703 conferri
989 1649 1132 1726 possunt
1159 1636 1316 1704 vocabula

273 1727 476 1816 praecipue,
511 1725 671 1788 maxime.
719 1724 907 1788 Praemissis
929 1723 998 1788 aliis
1020 1723 1117 1788 rebus
1140 1723 1195 1802 id,
1224 1725 1317 1811 quod

274 1814 459 1882 maximum
475 1809 620 1894 videtur,
640 1832 702 1898 per
723 1820 757 1873 et
777 1820 857 1874 ante
875 1810 1010 1892 omnia,
1038 1809 1090 1875 vel
1113 1809 1234 1874 omissa
1254 1831 1316 1874 co-

274 1900 370 1988 pula,
388 1895 528 1962 additur.
607 1949 615 1964 .

353 2007 469 2070 ‘Celsus
485 2014 518 2079 7,
536 2013 588 2077 30,
607 2011 634 2064 2.
657 2011 739 2066 alvus
760 2016 937 2068 aute'amnia
955 2012 1082 2069 duciturs
1111 2024 1170 2068 tum
1193 2012 1318 2089 viticella

344 2099 513 2156 tuberculum
530 2095 732 2169 apprehensum
745 2125 780 2140 -
797 2098 939 2153 exciditur.
975 2098 1010 2166 8,
1028 2101 1054 2155 2.
1077 2119 1104 2169 p.
1123 2098 1183 2152 608.
1205 2111 1318 2171 oportet
1391 2107 1403 2146 t

344 2198 437 2241 autem
460 2193 527 2237 unte
551 2186 646 2236 omnia
671 2201 704 2236 ue
727 2182 839 2237 nudare.
880 2185 957 2238 Gaui.
983 2175 1060 2255 quaes
1072 2184 1189 2254 dedimus
1212 2204 1240 2254 p.
1255 2183 1318 2238 386.

344 2277 450 2324 Sueton.
467 2268 550 2334 Galig.
566 2266 609 2319 21.
627 2265 815 2322 destinaverat
832 2277 860 2321 et
881 2269 963 2323 Sami
978 2270 1140 2343 Polycratis
1154 2273 1260 2342 regiam
1277 2291 1317 2324 re·

346 2360 475 2418 stituere,
500 2350 603 2408 Mileti
629 2351 801 2423 Didymeum
824 2373 974 2425 peragere,
999 2358 1028 2410 in
1054 2358 1119 2428 iugo
1138 2354 1256 2424 Alpium
1274 2375 1318 2408 ur·

288 2510 291 2513 ,
344 2437 563 2520 benc-coudere,
588 2434 637 2490 sed
661 2445 727 2489 aute
750 2442 846 2492 omnia
873 2437 1008 2492 Isthmum
1037 2442 1066 2496 in
1087 2438 1196 2497 Achaia
1211 2432 1317 2511 'mafo-
1360 2437 1366 2458 '

345 2526 418 2582 ciere.
445 2524 490 2574 hic
513 2521 667 2572 coniunctae
682 2531 756 2572 -sunt
781 2523 903 2574 notiones
929 2525 1006 2591 prius
1027 2533 1114 2598 'quam
1132 2523 1197 2598 alia
1213 2535 1241 2576 et
1258 2543 1316 2578 ma·

343 2613 389 2683 gis
407 2627 490 2682 quiam
505 2605 585 2660 alias
602 2616 738 2675 utrumque
758 2607 827 2658 enim
846 2607 958 2676 intelligi
974 2618 1070 2677 potest.

377 2711 473 2778 virgil.
491 2701 524 2762 ’0.
541 2708 568 2772 2,
585 2707 645 2760 475.
666 2727 708 2761 me
724 2699 795 2761 uerc'
807 2708 926 2780 priosum
946 2711 1039 2766 dulces
1054 2721 1120 2764 aute
1140 2713 1235 2764 amnia
1243 2711 1317 2773 Mu·
1411 2701 1412 2714 ¹

342 2817 391 2851 sae
407 2795 608 2866 --.accipiant.
643 2794 820 2863 Philargyrius
838 2796 974 2848 coniunxit
992 2800 1113 2868 primum
1127 2805 1194 2848 aute
1212 2799 1317 2860 omnia,

272 2927 276 2939 .
342 2885 502 2934 Burmannus
528 2881 562 2932 ad
578 2883 666 2932 Musas
684 2879 789 2930 retulit:
813 2881 892 2952 variis
918 2881 1050 2932 hominum
1074 2880 1167 2932 studiis
1185 2883 1316 2951 expensis,

340 2967 478 3036 praecipue
499 2974 526 3016 et
543 2966 662 3034 inprimis
678 2966 781 3016 Musae:
799 2965 866 3016 illud
882 2967 915 3018 ob
935 2965 1118 3018 abundantiam
1134 2967 1239 3032 inanem
1255 2967 1315 3019 dis·
1410 2967 1411 3010 l

342 3051 427 3120 plicet
441 3053 462 3101 I.
476 3051 510 3101 H.
524 3052 633 3104 Vossio:
649 3051 701 3102 hoc
711 3049 830 3117 aliquam
847 3050 1079 3104 inconcinnitatem
1095 3052 1183 3113 habet,
1200 3070 1248 3104 nec
1262 3071 1315 3122 po-

340 3147 395 3188 test
411 3135 518 3204 probari
536 3137 570 3187 ob
589 3137 727 3189 verborum
748 3134 919 3202 positionem:
935 3123 1002 3204 'ipse
1018 3136 1125 3189 Vossius
1141 3154 1199 3186 cum
1213 3140 1315 3189 Ascen-

341 3221 381 3274 sio
400 3230 427 3272 ct
446 3223 479 3270 Is.
502 3220 596 3274 Vossio
616 3228 644 3270 et
660 3220 719 3270 aliis
738 3219 936 3287 comprehendit
953 3238 1006 3272 uua
1022 3221 1131 3272 notione
1149 3222 1229 3273 verba
1252 3222 1317 3274 clul-

339 3321 385 3358 ces
409 3315 475 3357 aute
499 3307 613 3368 omnia,
641 3314 670 3357 ut
690 3303 746 3354 Ecl.
766 3304 799 3367 2,
817 3302 861 3356 62.
886 3301 966 3358 nuliis
986 3303 1117 3374 placeant
1133 3317 1200 3358 aute
1221 3308 1315 3368 omnia
1409 3315 1410 3364 ξ

339 3389 439 3444 silvae.
464 3391 592 3484 [Attamen
612 3388 676 3440 haec
690 3387 820 3459 ‚afferam
837 3385 988 3458 aliquanto,
1014 3399 1041 3439 et
1058 3391 1186 3458 gravitate
1198 3403 1315 3459 praestat
1409 3433 1410 3448 ,

337 3478 425 3528 Musas
449 3472 601 3541 simpliciter
627 3488 721 3541 vocare
747 3472 852 3524 dulces:
877 3491 1035 3543 quarenon
1052 3475 1311 3529 reiecerimttemere
1409 3481 1410 3484 ’

338 3550 496 3627 Philargyrii
511 3557 676 3619 senteutiam,
693 3575 743 3625 qua
760 3559 818 3626 ipsa
836 3559 876 3611 rei
893 3558 1053 3627 praestantia
1068 3560 1102 3610 ud
1117 3571 1218 3630 tempus
1234 3571 1262 3614 et
1279 3561 1313 3614 ad

303 3647 324 3656 “
340 3661 404 3711 opus
422 3643 595 3694 acceleratum
620 3643 753 3708 eleganter
775 3643 899 3697 refertur·
932 3645 989 3696 Nec
1008 3643 1075 3696 mule
1090 3646 1170 3698 verba
1192 3639 1313 3717 primum

341 3737 407 3781 aute
423 3744 518 3781 ornnes
534 3727 671 3794 componi,
690 3727 768 3777 modo
786 3725 895 3778 vidimus
912 3745 942 3799 p..
956 3728 1088 3792 anteced.¹

175 3855 180 3866 =
277 3840 282 3880 t
372 3829 428 3880 Liv.
446 3829 479 3894 2,
496 3827 529 3891 7,
548 3825 575 3898 4,
599 3827 649 3882 sed
670 3825 757 3880 multo
785 3832 875 3882 maius
900 3831 983 3906 morti
1011 3829 1093 3883 decus
1114 3827 1227 3900 publica
1247 3829 1313 3902 fuit

332 3913 496 3978 moestitia,
513 3929 546 3965 eo
564 3923 631 3965 aute
651 3916 745 3965 omnia
763 3915 897 3984 inriguis,
918 3917 984 3985 quia
1002 3927 1145 3967 matronae
1161 3935 1265 3969 annum
1281 3929 1313 3969 ut

336 4005 480 4067 parentem
497 4015 558 4048 eum
583 3996 722 4051 luxerunt.
755 3997 823 4048 Plin.
851 3998 919 4050 llist.
944 4016 971 4048 n.
995 3995 1027 4062 8,
1049 3997 1099 4062 35,
1120 3996 1163 4051 53.
1192 3998 1313 4056 hibernis

163 4107 166 4114 ⁴
237 4079 241 4084 “
334 4091 430 4156 autem
446 4078 626 4136 ,remensibus
642 4080 755 4136 condic:
771 4093 956 4152 quaeuatura
975 4083 1070 4138 multis
1087 4092 1115 4135 et
1132 4094 1197 4138 aute
1217 4091 1311 4140 omnia
1407 4103 1408 4110 ¹

336 4168 417 4227 ursis.
436 4165 543 4222 Vossius
568 4165 602 4222 ad
620 4167 722 4232 ‚Vellei
740 4166 844 4238 2662,
862 4162 906 4223 24.
927 4168 1032 4221 miscuit
1054 4169 1172 4238 exempla
1198 4169 1309 4224 diversa.

1405 4321 1407 4464 l
