2786 4748
267 361 330 432 scs
680 429 684 450 ,
736 313 836 439 tur.

267 529 344 587 sunt
359 511 406 583 et
418 527 449 584 et
464 527 536 588 unt.
576 513 720 596 Deinde,
745 526 782 581 ut
797 517 864 582 inm
880 536 914 604 p.
931 517 1006 580 297.
1022 513 1110 596 dixi,
1130 517 1165 581 in
1181 515 1234 581 his
1249 489 1310 582 rn-
1376 540 1377 592 l

268 605 391 671 nebulis
405 621 474 668 non
489 600 647 667 habemus
670 600 814 667 fonnem
837 601 876 667 ab
899 601 969 666 eliis
992 601 1146 690 gentibus
1166 602 1209 691 ³5¹
1235 602 1310 668 clins
1376 601 1377 644 t

265 683 550 767 translatum,'sed
571 687 771 773 primitivum
789 699 822 752 et
837 687 968 776 populis
983 699 1053 750 non
1075 690 1189 777 paucis
1215 696 1311 753 com·

266 799 414 844 munem.
457 773 545 837 Nom'
567 774 700 836 vocibus
724 799 764 850 a,
789 796 854 849 un,
875 795 895 836 o
920 795 960 838 ex
988 773 1117 837 rinntur
1137 773 1233 838 notio
1263 777 1310 840 ri-

267 859 460 930 cissitudinis
478 868 510 921 et
525 858 769 940 alternationis,
791 881 874 948 qnae
888 795 1062 923 edhilietur
1078 869 1110 922 et
1125 861 1167 934 nd!
1186 859 1309 924 disiun-

267 950 408 1014 ctionem
435 954 467 1007 et
489 944 529 1008 cd
552 940 770 1030 oppositionis
801 944 969 1033 quoddam
992 965 1094 1030 genus
1117 942 1308 1032 significen-

266 1035 358 1100 dum.
401 1031 550 1116 Denique
571 1031 687 1116 igitur,
709 1032 734 1094 si
753 1042 813 1098 ortt
831 1051 907 1093 curn
930 1022 971 1093 αὖ
994 1051 1187 1116 comparare
1213 1031 1310 1095 volu-

265 1139 358 1194 mus,
380 1137 509 1180 neeesse
533 1118 596 1179 erit
616 1115 806 1198 observare,
827 1137 940 1204 graecu
960 1137 1039 1179 vnce
1057 1125 1187 1179 tuntum
1203 1118 1310 1202 signi·
1377 1151 1378 1186 t

150 1201 179 1264 ”.
265 1203 354 1271 liceri
371 1202 423 1280 id,
444 1199 534 1287 quod
552 1201 651 1266 nitere
668 1223 709 1264 ex
725 1212 834 1289 porte,
857 1201 956 1264 altero
978 1201 1047 1266 vice
1061 1202 1218 1288 ponitur,
1240 1203 1311 1266 tnti-

214 1345 218 1362 .
265 1311 343 1356 num
361 1298 469 1352 autem
487 1307 553 1350 non
571 1287 632 1351 nisi
653 1285 859 1351 disiunctioni
878 1286 1051 1366 inservire,
1074 1308 1172 1372 quam
1192 1288 1311 1353 Graeci

266 1375 307 1442 ud
339 1373 589 1460 compunctionis
613 1390 764 1438 normam
794 1371 951 1460 redigunt
969 1370 1259 1458 per'vocobulum
1283 1371 1311 1454 ἤ.

239 1476 242 1486 ’
264 1462 304 1527 ln
322 1459 538 1526 disiunctione
556 1479 634 1522 vero
657 1458 742 1522 inest
758 1458 856 1522 elium
872 1457 981 1544 eliqua
999 1457 1183 1523 alternatio.
1228 1459 1312 1525 Eum

69 1541 82 1560 ⁸
178 1613 180 1618 t
265 1555 440 1614 tenuerunt
455 1543 573 1613 Latini.
636 1557 638 1560 ·

349 1631 412 1696 Sed
437 1631 471 1692 in
493 1631 642 1693 universa
658 1627 949 1716 grammaticorum
973 1625 1140 1708 doctrino,
1168 1649 1252 1714 qune
1272 1629 1312 1693 de
1378 1691 1379 1714 χ

267 1716 465 1782 disiunctivis
490 1711 657 1800 particulis
678 1712 836 1792 traditur,
869 1713 991 1777 incentu
1014 1723 1113 1798 atque
1139 1713 1238 1779 dnbio
1264 1717 1311 1781 rei
1378 1719 1379 1726 ’

268 1803 412 1890 cognitio
437 1802 559 1864 multos
589 1821 719 1863 errores
744 1799 883 1886 peperit.
935 1799 1199 1864 Disiunctionem
1223 1801 1310 1864 enim
1378 1827 1379 1844 2

43 1920 48 1929 ¹
142 1949 151 1960 ,
251 1911 383 1953 'omnes
405 1887 558 1950 dixerunt
580 1907 653 1948 cnm
676 1907 744 1948 esse
766 1883 931 1961 formem,
953 1885 986 1950 in
1011 1907 1073 1970 quo
1100 1887 1256 1972 oppositu
1278 1909 1311 1951 se

266 1975 405 2040 invicem
425 1967 616 2049 excludunt,
641 1967 818 2060 sed‘quum
834 1969 920 2056 apud
946 1970 1079 2033 Latinos
1100 1971 1182 2034 ditas
1206 1974 1312 2059 pcrti-

268 2061 356 2124 culos
373 2079 490 2144 eosque
507 2059 537 2121 in
555 2057 714 2122 similibus
737 2056 1015 2120 enuntiationibus
1036 2055 1196 2120 adhibitus
1214 2053 1312 2121 vidis·
1379 2093 1380 2138 1

266 2155 358 2226 sent,
379 2167 442 2233 qua
463 2167 514 2208 ens
533 2143 783 2228 distinguerent,
803 2142 925 2221 uarium
948 2143 1106 2206 rationem
1130 2163 1312 2230 proposue-

267 2242 357 2298 runt.
409 2232 516 2316 Atque
538 2227 711 2296 Noltenius
736 2227 769 2291 in
795 2227 875 2292 Lex.
897 2248 932 2314 p.
955 2231 1029 2292 849.
1051 2228 1094 2290 itu
1123 2231 1309 2316 proecepit:

268 2323 353 2401 „aiut
368 2313 503 2404 proprie
520 2325 566 2379 est
584 2310 799 2390 διαζευκτικόν,
818 2322 850 2377 et
864 2312 1027 2377 contrella
1044 2313 1181 2378 invicem
1202 2335 1311 2400 oppo-

266 2404 316 2468 nit
331 2403 394 2470 ital
423 2412 461 2466 ut
480 2401 672 2466 alterutrum
692 2398 860 2485 excltulnt,
890 2397 941 2464 ccl
962 2399 1096 2486 proprie
1119 2410 1167 2469 est
1187 2397 1310 2464 ὁποδια.

266 2485 436 2570 ζευκτὶκόν,
455 2497 486 2550 et
504 2485 626 2549 diverso
643 2485 726 2547 uilnl
744 2484 946 2569 excipiendo,
956 2484 1134 2571 coniungit.
1158 2507 1188 2548 v.
1207 2507 1240 2572 g.
1266 2485 1314 2550 vel

267 2587 304 2636 tu
322 2571 377 2635 vel
391 2593 476 2635 rtxor
497 2570 661 2640 tunvele
676 2581 736 2633 tua
745 2568 893 2658 familia
909 2569 1078 2658 quispiam
1093 2567 1313 2718 effliffetnrf‘
1380 2579 1381 2628 t

267 2658 439 2744 Coniunge
451 2655 540 2720 'haec
555 2656 653 2735 rerba
669 2667 830 2741 peret-
848 2666 900 2719 ct.-
928 2665 1000 2720 tum
1021 2656 1154 2720 diverso
1201 2657 1313 2722 cbebie

267 2753 396 2834 praeter
419 2742 520 2820 ullum
549 2742 776 2828 exceptionem
812 2741 1004 2821 coniuncte,
1039 2763 1099 2806 nec
1129 2742 1314 2830 quidquem

198 2889 204 2900 ,
234 2846 236 2854 ”
268 2828 420 2914 different
436 2827 551 2893 exhoc
569 2828 699 2913 quidem
718 2837 892 2915 praecepto
909 2825 1073 2892 formulae
1088 2829 1139 2892 vel
1154 2825 1243 2892 bonu
1265 2828 1316 2894 vel

266 2915 383 2995 malo,
406 2926 438 2979 et
453 2911 540 2978 bona
562 2925 594 2977 et
615 2913 722 2978 muln.
745 2913 894 2976 'Tamen
917 2913 950 2976 in
975 2912 1038 2976 illis
1063 2912 1241 2978 disiunctio
1266 2925 1317 2978 est

268 3001 470 3066 diversarum
484 3007 596 3064 restim
606 3047 615 3080 ‚
641 2999 736 3062 etium
765 2997 825 3061 huc
842 2995 1053 3082 exceptiones
1077 3000 1103 3062 si
1120 2998 1315 3078 bonosum,

266 3105 335 3162 non
347 3084 525 3150 suntmelo.
549 3084 721 3167 Querenlii
732 3085 772 3148 ite
784 3085 937 3172 distingui
947 3084 1137 3156 voluerunt:
1157 3095 1219 3150 out
1232 3087 1317 3171 poni

119 3169 141 3264 Ἰ
157 3216 163 3227 =
201 3187 203 3192 ’
267 3173 499 3256 interee3quee
510 3170 746 3256 oppositnsint,
762 3169 816 3232 sed
827 3169 1190 3255 celinterea,qunenon
1202 3171 1316 3235 diver-

190 3257 194 3271 '
267 3257 301 3322 iu
317 3257 392 3334 sint,
408 3255 460 3342 uel
475 3278 544 3319 non
556 3255 681 3319 diverso
698 3275 765 3320 esse
777 3255 925 3318 dicontur
940 3255 1046 3333 eie-ut
1065 3256 1318 3342 internequolia

268 3342 467 3408 concedetur
481 3340 647 3406 electionis
662 3341 844 3404 arbitrium.
865 3337 1101 3404 ItuDoelekins
1116 3345 1147 3404 in
1161 3335 1316 3406 Grnmm.

266 3451 300 3516 p.
320 3433 390 3494 137.
427 3424 480 3491 'Ac
493 3448 534 3491 ex
553 3425 602 3491 bis
619 3447 687 3489 non
705 3425 886 3514 colligitur,
909 3423 1119 3513 quod‘ifferot
1140 3427 1228 3504 siun,
1252 3451 1317 3492 nec

266 3515 378 3602 negori
398 3523 526 3600 potest,
550 3511 584 3575 in
610 3511 782 3589 omnibus,
807 3533 889 3598 quae
913 3511 1045 3594 per-ccl
1059 3513 1175 3576 -vel
1198 3513 1319 3599 dispo-

265 3611 410 3674 nuntur,
436 3597 509 3662 fieri
537 3597 808 3675 disiunctionem,
841 3608 871 3661 et
895 3597 1032 3661 nlterum
1056 3597 1316 3684 ulterifopponi,

268 3707 363 3770 saepe
388 3683 483 3747 etism
513 3684 651 3754 alterum
674 3682 713 3748 sb
737 3683 840 3747 ultero
864 3681 955 3752 lolli.
1004 3681 1107 3746 Sicuti
1131 3685 1255 3756 Caesar
1276 3684 1317 3748 B.

268 3771 308 3834 G.
334 3777 370 3845 l,
391 3774 421 3833 6.
444 3767 682 3856 Allobrogibus
706 3791 777 3834 sese
800 3766 851 3832 cel
866 3780 1106 3852 persuasores,
1126 3803 1166 3816 -
1192 3770 1319 3833 existi-

202 3880 215 3898 *
265 3851 426 3928 manant,
451 3855 502 3919 nel
517 3856 549 3919 ci
566 3865 758 3934 coacturos,
776 3864 815 3916 ut
824 3868 890 3940 pet·
904 3853 981 3916 enos
993 3849 1087 3942 fines
1103 3853 1229 3932 eos-ire
1244 3878 1319 3942 pa·

266 3951 427 4005 ter-entur.
477 3939 564 4020 Num
588 3939 667 4004 hnec
691 3959 761 4003 non
785 3938 912 4002 diverso
935 3936 1036 4004 sunt?
1062 3959 1103 4002 on
1127 3961 1197 4003 non
1225 3952 1320 4006 recto

266 4026 330 4090 dici
355 4035 481 4112 poterut
505 4038 566 4090 ant
585 4055 636 4078 -·*
651 4023 737 4090 ortt?
763 4019 947 4088 Frotschei'
963 4023 1003 4088 nd
1027 4023 1188 4104 Quinctil.
1211 4025 1260 4090 X.
1289 4035 1321 4100 1.

264 4114 318 4175 47.
342 4120 459 4176 contra
477 4111 703 4202 Spaldingium
719 4112 753 4175 in
771 4107 859 4176 hunc
882 4110 1023 4176 modum
1046 4109 1188 4176 iudicate
1221 4135 1322 4192 „non

186 4279 192 4284 ‘
267 4196 423 4284 disiungit
437 4195 521 4278 'Areu
550 4197 608 4304 secl
632 4199 667 4264 in
690 4194 850 4266 similium
883 4202 1168 4282 cognatorumque
1196 4217 1323 4264 rernm

667 4298 676 4327 l
889 4319 892 4333 .
