2858 4750
188 311 191 327 ’
290 345 353 414 rot
510 295 538 364 '.
675 334 912 420 ‘AEQvn

1005 307 1010 340 1
1041 342 1042 352 i

291 449 391 567 rebus
406 499 452 568 ita
469 495 531 564 sibi
549 515 594 594 op
621 494 679 560 oni
703 493 824 559 docent
846 481 1064 559 &horacius
1086 492 1122 560 in
1145 487 1334 558 Tursellino

93 579 123 670 ‚¹
203 621 204 626 ¹
269 579 423 672 'aliique
464 583 558 663 Quae
610 579 758 662 eaflbrt,
779 579 851 644 duo.
869 588 946 643 sunt
961 577 1114 666 exempla
1127 577 1235 644 Taciti
1251 577 1335 642 Hier.

277 677 331 754 ⁶1,
352 675 391 750 7,
414 671 447 734 4.
466 665 588 732 eadem
601 687 709 732 nouae
732 661 835 730 aulae
850 663 949 728 mala
967 685 1071 752 aequae
1090 660 1238 752 gravia,
1267 687 1333 728 noa

212 817 213 822 ,
292 763 396 843 oeque
410 759 582 818 caesata.
612 752 692 839 Agr.
716 751 768 816 15.
793 771 899 898 caepere
922 747 1134 814 discordiam
1148 767 1240 838 proc
1264 749 1333 811 osi-

140 881 165 904 i.
203 859 204 864 ’
292 851 414 921 torum,
435 859 539 926 acque
557 833 776 901 'concordiam
791 857 828 898 cu
851 834 947 900 iectis
962 834 1153 900 exitiosam.
1171 835 1222 900 *A
1255 832 1334 898 hacc

290 924 479 991 Emestinse
502 922 674 1012 „primum
697 919 886 1008 exemplum
912 927 961 984 est
984 918 1156 1002 alienum:¹
1172 919 1208 984 in
1231 918 1333 983 altero
1408 989 1409 992 Ἴ

291 1019 341 1076 est
357 1007 526 1098 anaphora
544 1019 616 1071 non'
632 1006 888 1105 elegantissima:
913 1002 977 1068 nisi
992 1003 1082 1069 torte
1104 1006 1202 1069 ctiam
1221 1003 1334 1092 legen·

289 1095 391 1160 dum:
414 1103 456 1160 a'e
501 1090 795 1189 ediscordcamp.
811 1102 911 1177 atque
930 1088 1150 1172 concordiam
1163 1113 1190 1153 s.
1208 1099 1267 1154 e.“x
1291 1089 1334 1154 Et

289 1180 451 1268 adipsum
492 1177 629 1242 coitum:
650 1175 869 1258 „Dubitanter
878 1173 995 1240 alicubi
1010 1175 1132 1240 tentavi
1142 1187 1241 1263 atque
1249 1198 1333 1240 con-

289 1264 457 1331 cordiam.
481 1261 568 1328 Nam
580 1284 684 1349 aeque
699 1269 869 1347 comparat
881 1260 947 1324 dno
963 1260 1050 1324 inter
1063 1282 1108 1343 sc,
1124 1259 1159 1341 h,
1167 1261 1190 1326 1.
1206 1259 1333 1324 discor·

289 1349 378 1416 diem
391 1359 436 1414 ‘et
459 1346 689 1428 concordiam,
720 1348 806 1410 inter
836 1365 916 1430 quae
943 1345 1045 1410 semel
1068 1355 1199 1410 tantum
1221 1345 1332 1410 locum
1349 1344 1355 1372 ‘⁴

286 1435 406 1512 habet,
427 1443 465 1498 ut
477 1431 633 1519 perinde.
678 1431 893 1496 schwartzius
913 1441 1025 1494 tamen
1042 1431 1083 1497 ad
1099 1429 1277 1496 Turseliini
1290 1431 1332 1496 li-

287 1521 389 1586 bram
404 1517 445 1582 de
463 1528 549 1608 part.
564 1517 768 1582 rarissimum
791 1516 857 1580 hoc
874 1537 943 1580 esse
966 1515 1110 1597 dicebat,
1134 1517 1191 1583 scd
1215 1511 1298 1580 conf
1313 1553 1331 1566 ·

284 1605 380 1672 rebat
394 1603 508 1669 locum
524 1602 626 1667 alium
643 1602 750 1666 Taciti
762 1602 805 1680 H.
826 1607 863 1683 1,
876 1591 911 1666 ¹7.
930 1601 987 1688 qai
1006 1611 1061 1666 est
1074 1602 1175 1690 plane
1188 1601 1330 1666 dissimi-

280 1690 346 1772 lis,
365 1699 403 1752 ut
417 1690 485 1753 inm
500 1688 579 1752 alibi
595 1687 674 1752 dixi.
719 1687 806 1752 Nam
821 1685 919 1751 cuivis
940 1697 1077 1775 apparet
1094 1686 1249 1752 hiemale
1264 1709 1330 1756 110-

285 1796 346 1842 vae
364 1775 455 1840 aulae
477 1773 661 1866 comparari
678 1771 775 1839 malis
790 1772 907 1838 veteris
930 1772 1037 1838 aulae:
1069 1772 1115 1838 ita
1141 1773 1218 1838 dicit
1231 1771 1329 1837 fuisse

287 1883 390 1946 aeque
412 1859 520 1946 gravia
544 1869 642 2008 atqlue
663 1858 780 1923 veteris
804 1857 896 1922 atilae
920 1856 1024 1938 mala,
1053 1858 1110 1923 sed
1134 1879 1329 1946 nonaeque

286 1953 440 2012 excusata
464 1955 561 2032 atque
583 1944 649 2008 ila.
693 1943 842 2008 Similior
866 1953 897 2007 'et
921 1943 960 2006 ad
983 1943 1097 2007 locum
1121 1955 1329 2032 praesentem
1364 1995 1369 2002 .

284 2031 448 2096 tuendum
465 2027 748 2094 accommodatior
761 2028 855 2092 locus
868 2029 997 2092 Horatii
1013 2029 1119 2115 Epist.
1144 2035 1182 2112 1,
1211 2035 1248 2110 1,
1274 2030 1327 2100 25.

285 2138 330 2182 ae
351 2139 393 2180 ue
411 2113 623 2202 pauperibus
638 2112 801 2200 prodest,
832 2112 1052 2198 locupletibus
1075 2136 1197 2202 oeque,
1229 2135 1327 2200 quem

278 2139 369 2264 milri
384 2200 543 2286 suggessit
569 2201 765 2264 Gesnerus.“
806 2195 882 2284 Ipso
903 2199 1067 2262 Gesncrue
1083 2199 1119 2282 in
1135 2198 1325 2264 Enchiridio

142 2309 144 2318 ’
194 2286 203 2324 ²
250 2286 446 2365 ‘coniecit,
463 2285 500 2349 in
517 2284 670 2369 Agricola
694 2281 904 2346 scribendum
923 2307 990 2348 csse
1016 2295 1134 2370 utque:
1156 2285 1246 2370 quod
1265 2307 1325 2370 cgo

284 2391 418 2457 quoque
432 2369 496 2435 feci
510 2371 543 2432 in
561 2369 651 2434 notis
670 2369 709 2432 ad
729 2367 891 2434 Gronovii
905 2369 1043 2433 Diatrib.
1057 2391 1092 2455 p.
1109 2370 1183 2434 411.
1200 2371 1326 2456 proba·
1415 2399 1416 2402 ¹

249 2477 250 2480 ’
282 2464 411 2534 verunt,
427 2465 465 2518 ut
476 2453 585 2536 audio,
597 2454 764 2520 Barkerus
772 2453 806 2516 in
816 2454 1029 2520 animadvers.
1039 2455 1079 2518 ad
1087 2453 1193 2518 Taciti
1203 2457 1325 2536 Germ,

280 2527 473 2618 Droitkius,
494 2538 560 2603 alii.
603 2538 773 2625 Quidquid
790 2537 983 2604 decernatur
1006 2538 1182 2626 aliquando
1209 2541 1250 2604 de
1263 2541 1325 2622 in-

280 2625 433 2713 tegritate
447 2624 509 2688 loci
525 2625 713 2703 Horatiani,
744 2645 843 2710 quem
860 2625 930 2712 ipse
949 2624 1030 2689 olim
1045 2627 1119 2690 non>
1133 2629 1264 2692 tantum
1280 2626 1324 2690 ob

173 2710 176 2723 ¹
280 2730 381 2776 usum
402 2709 582 2808 particulae
607 2710 643 2775 in
668 2709 806 2775 dubium
831 2731 1041 2793 vocaveram,
1070 2733 1158 2777 nunc
1183 2711 1324 2778 solerter

280 2795 430 2862 defendit
445 2795 765 2892 Obbariusgpoetae
784 2795 918 2881 quidem
932 2797 1025 2862 liciat
1045 2818 1103 2862 sna
1124 2797 1223 2862 verba
1246 2820 1324 2862 sen-

280 2883 332 2948 sui
357 2881 458 2946 animi
480 2891 644 2950 commoti
656 2880 931 2944 accommodare:
959 2891 1204 2960 verumtamen,
1231 2893 1328 2947 totua
1415 2917 1416 2922 1

279 2968 308 3031 si
323 2977 435 3032 versus
445 2967 491 3030 'ab
508 2965 601 3029 omni
618 2964 803 3052 suspicione
817 2965 998 3030 vindicatus
1018 2967 1097 3047 erit,
1113 2967 1213 3047 illud,
1233 2967 1323 3053 quod

279 3051 381 3138 aliqui
397 3050 525 3116 codices
544 3049 721 3136 praebent,
745 3048 965 3134 locupletibus
984 3062 1022 3114 at
1043 3073 1102 3133 ue,
1120 3053 1177 3115 vix
1198 3053 1323 3138 poterit

275 3137 425 3224 probari.
459 3135 531 3201 Alia
549 3145 598 3199 cst
612 3135 726 3200 caussa
739 3135 774 3198 in
788 3133 894 3199 Taciti
908 3075 1077 3223 Agricola,
1099 3137 1155 3200 nbi
1172 3136 1322 3224 anapho-

215 3223 217 3234 '
276 3243 332 3288 rae
358 3219 469 3286 nullus
491 3220 687 3286 conceditur
706 3221 810 3285 locus.
867 3219 935 3283 Nec
962 3219 1082 3284 sufficit
1105 3221 1252 3286 defensio
1279 3223 1319 3287 ab

274 3305 424 3374 flertelio'
437 3326 546 3393 nuper
559 3329 622 3395 pro
625 3306 744 3394 posita,
765 3305 857 3392 quasi
871 3305 907 3369 in
918 3304 1024 3371 verbis
1042 3309 1145 3393 aeqire
1157 3317 1198 3356 -'-
1214 3331 1322 3456 aggere

222 3399 240 3457 ,’
273 3393 367 3492 paria
395 3413 471 3457 com
499 3403 659 3474 onantur,
694 3413 767 3456 non
793 3399 904 3455 autem
935 3401 1183 3479 comparentur.
1266 3417 1320 3457 am

272 3501 384 3578 ipsum
398 3415 598 3545 venditum
615 3500 718 3565 aeque
739 3477 775 3542 in
798 3475 953 3541 sehabet
973 3476 1118 3542 nativam
1135 3481 1319 3565 'compara-

272 3567 374 3642 tionis
388 3564 580 3643 notioncm,
602 3563 697 3627 sicuti
712 3574 812 3650 atque
830 3563 899 3628 vim
915 3561 1144 3650 copulativam.
1188 3563 1319 3628 Tamen

271 3668 384 3718 veram
399 3669 487 3712 nunc
503 3657 586 3735 puto
602 3647 817 3736 scripturam,
839 3649 996 3733 quoniam
1013 3647 1069 3713 ubi
1084 3661 1185 3737 atque
1200 3671 1317 3714 emen-

273 3731 390 3814 datur,
426 3734 604 3812 sententiae
631 3732 675 3796 vis
700 3733 735 3794 in
763 3732 865 3795 altera
914 3742 983 3796 arte
1013 3733 1223 3822 infringitur,
1253 3757 1315 3799 nec

295 3837 407 3880 rorsus
416 3817 670 3906 improbaverim
687 3815 851 3881 rationem
867 3755 1189 3906 aidriiggemannoin
1199 3839 1316 3907 progr.

268 3838 704 3990 Busseldorp.1824.cdit0
728 3923 764 3986 p.
786 3905 836 3998 19.
854 3902 960 3967 modo
982 3925 1051 3968 non
1067 3913 1155 3968 recte
1175 3907 1315 3992 exposi÷

267 3997 348 4053 tam.
391 3986 431 4054 In
450 4009 554 4074 oeque
573 4023 616 4036 -
631 4007 734 4073 aeqrre
749 4008 840 4051 ennn
863 3988 1068 4076 comparatio
1088 3986 1127 4051 fit
1150 4012 1193 4055 ex
1218 4001 1313 4056 utra-
1415 3995 1416 4076 J

268 4093 334 4180 (pue
348 4083 442 4164 parte
456 4072 610 4175 vicissim.
652 4071 773 4154 Similis
790 4083 837 4170 est
861 4073 965 4170 dictio·
980 4085 1017 4137 ut
1039 4072 1139 4172 eidi,
1157 4086 1196 4139 ut
1235 4077 1311 4156 orii,

266 4181 311 4236 ως
326 4159 410 4239 wer,
432 4153 475 4236 oie
488 4157 610 4242 ἔμανην.
634 4157 675 4226 de
691 4179 755 4246 qua
770 4158 835 4227 vid.
847 4157 1176 4248 MatthiaeadEurip.
1231 4172 1310 4228 ectr.
