2866 4754
136 305 138 315 ¹
246 331 332 398 ara
752 325 824 394 ut.

267 481 405 570 atinguit
422 479 855 570 abu'quorumscr'iptorum
871 480 1217 562 enumeraremus,
1248 503 1321 572 qno
1344 525 1348 532 -

213 650 218 656 ⁴
268 569 382 634 acacio
404 591 452 634 aa
472 568 659 655 negativam
685 565 959 656 n'gnifioationem
984 568 1169 655 occupauit.
1198 567 1323 634 Rama-
1414 595 1415 622 t

154 697 157 710 ·
267 652 408 720 homius
424 654 573 738 Gramm.
591 675 626 741 p.
646 653 721 718 498.
746 651 976 725 affirmationis
1002 663 1034 718 et
1048 653 1233 743 negationis
1251 655 1323 720 vim
1414 735 1415 738 Ἴ

268 741 397 828 quaerit
409 738 446 802 in
464 748 597 803 accentu
617 737 669 802 vel
686 739 721 804 in
733 736 944 810 commercio
957 737 1010 804 vel
1025 739 1063 802 in‘
1085 736 1209 820 verbo,
1225 739 1321 826 quod
1414 739 1415 816 l

145 831 148 839 '
248 835 415 926 'pourton
430 822 546 889 locum
565 821 703 903 obtinet,
723 812 896 911 ponendo,
919 814 1121 921 quamquam'
1137 846 1206 890 esse
1221 825 1324 890 verba
1414 821 1415 858 ³

269 927 466 998 piusquam,
487 917 582 990 arim,
594 930 754 996 possum,
765 927 854 993 ,quae
870 919 1015 972 accentui
1031 929 1152 996 parurn
1171 931 1188 972 a
1214 918 1249 972 ta
1265 931 1323 974 ra.
1414 913 1415 996 q

270 993 405 1078 quirant
417 991 555 1058 alteram
577 990 800 1081 negationem.
842 991 934 1057 Hauc
961 993 1157 1080 opinionem
1196 991 1325 1071 efflanda

146 1131 150 1138 .
233 1099 234 1104 ¹
268 1077 306 1141 in
320 1075 680 1162 Ephemerid.'lenens.
697 1099 727 1143 a.
752 1080 846 1142 1826.
868 1072 903 1140 n.
923 1081 996 1142 176.
1023 1074 1216 1162 miramque
1231 1069 1325 1143 addit

206 1167 210 1190 ¹
271 1160 518 1237 distinctionem
535 1184 630 1230 verae
646 1161 865 1246 simulationis
881 1161 1084 1243 etirouieaq
1106 1171 1140 1226 et
1151 1183 1230 1226 esso
1242 1184 1324 1226 sen-

269 1246 388 1310 tentias
411 1245 555 1312 nimium
578 1247 697 1329 serias,
733 1269 817 1341 quae
849 1257 999 1314 accentus
1024 1245 1323 1334 transpositionem

270 1352 341 1396 non
362 1330 548 1398 admittant.
589 1335 632 1397 At
656 1341 925 1419 quantocumque
945 1333 1036 1396 vocis
1061 1331 1188 1418 impetu
1208 1329 1322 1396 inten-

231 1443 236 1452 ·
272 1415 359 1480 deris
374 1415 491 1498 verba,
511 1437 697 1502 numquam
713 1427 823 1480 tamen
847 1416 885 1480 iis
906 1415 1085 1482 inculcabis
1107 1415 1324 1502 negationum

151 1505 164 1518 '
208 1565 210 1570 ,
271 1511 425 1580 accentu,
441 1503 533 1566 cuius
550 1487 729 1598 recipiendi
748 1499 905 1566 facultate
924 1524 983 1566 cur
1006 1511 1138 1566 careant
1161 1501 1323 1566 vocabula
1414 1501 1415 1514 ¹

232 1608 235 1622 “
270 1587 450 1672 quaedam,
473 1583 561 1668 aliis,
584 1587 641 1685 qui
662 1586 825 1652 eiusmodi
844 1587 1081 1672 aenigmatibus
1104 1586 1323 1672 delectentur,
1414 1635 1415 1654 t

270 1671 533 1760 investigandum
543 1672 710 1759 relinquo.
731 1671 861 1737 Novam
876 1670 1063 1738 doctrinam
1079 1671 1323 1760 aperuitMich.

270 1755 455 1820 Webcrusr
477 1757 617 1846 duplicis
633 1758 759 1846 generis
783 1779 852 1823 esse
866 1758 980 1838 locos,
1013 1757 1114 1840 alios,
1144 1757 1318 1843 inquibus

204 1899 206 1902 .
271 1841 411 1906 verbum
432 1843 632 1924 coniunctivi
655 1843 768 1924 modi,
800 1843 891 1931 quod
914 1843 1080 1942 sequitur,
1110 1863 1186 1908 oum
1211 1843 1322 1929 parti-

272 1919 344 1992 cula
363 1949 410 1990 aa
425 1948 496 2001 non
512 1930 704 2009 cohaereat,
737 1928 837 2012 alios,
865 1929 1035 2017 inquibus
1062 1926 1237 1992 cohaereat
1257 1937 1323 1992 eta

258 2012 432 2100 particula
446 2025 597 2100 regaturr
628 2015 662 2080 in
685 2015 748 2092 illis
769 2015 924 2102 praecisis
951 2025 984 2080 et
1005 2013 1159 2080 seiunctis
1181 2012 1322 2101 intelligi
1414 2045 1415 2092 γ

250 2127 253 2138 ·
274 2096 392 2162 debere
404 2097 521 2164 nescio
535 2123 583 2164 ou
597 2123 667 2166 nou
680 2112 770 2165 recte
785 2101 952 2181 seatium,
971 2120 1038 2186 quo
1055 2100 1145 2162 facto
1159 2097 1232 2186 ipsa
1244 2121 1321 2162 sen-

273 2183 376 2246 tentia
393 2184 616 2282 approbetur:
636 2186 669 2249 in
686 2185 737 2250 his
756 2185 891 2272 integris
915 2182 1099 2272 improbari
1119 2187 1203 2248 rem.
1245 2181 1321 2248 'Mi-

232 2333 241 2352 s
272 2266 385 2332 rabilis
402 2269 493 2334 istius
503 2270 663 2368 ‚ellipseos
681 2270 718 2334 in
732 2269 852 2350 verbis,
877 2289 961 2356 quae
976 2271 1047 2357 ipsc
1063 2267 1150 2348 fecit,
1166 2269 1319 2352 nesciuit,
1414 2261 1415 2282 ¹

272 2353 485 2435 tauricciaco,
517 2366 682 2420 rationem
697 2355 849 2420 nondum
875 2355 1018 2422 reddidit
1031 2354 1083 2419 vir
1096 2353 1235 2431 doctus,
1261 2377 1321 2420 uec

273 2447 386 2502 tamen
407 2461 563 2524 magnam
597 2441 879 2527 exspectationem
912 2441 980 2506 eius
1004 2438 1190 2510 concitavit.
1240 2440 1322 2522 Nos,

276 2543 479 2609 quamquam
496 2523 577 2589 haec
609 2545 742 2612 quoque
765 2523 912 2590 turmula
941 2526 1070 2592 ratione
1094 2543 1113 2588 a
1136 2523 1235 2589 nobis
1257 2526 1323 2590 iam

276 2609 425 2695 exposita
444 2609 650 2691 continetur,
674 2631 781 2696 neque
800 2610 888 2674 aliud
907 2612 972 2678 nisi
986 2611 1052 2676 vim
1068 2609 1271 2676 rhetoricam
1289 2613 1323 2676 in

271 2694 413 2762 notione
427 2692 575 2780 inscitiae
588 2696 761 2783 propriam
784 2695 905 2778 habet,
925 2720 987 2763 nee
1011 2696 1191 2784 quidquam
1213 2695 1324 2762 differt

225 2851 228 2858 ,
272 2778 455 2843 verborum
473 2781 678 2849 constructio
690 2781 727 2848 in
743 2804 837 2848 verae
852 2793 885 2848 et
898 2783 1067 2848 simulatae
1082 2781 1230 2852 inscitiae
1240 2803 1323 2847 con·

272 2861 436 2945 fassione,
454 2864 498 2929 ob
518 2867 736 2954 multiplicem
753 2865 953 2956 opinionum
973 2866 1241 2954 discrepantiam,
1263 2877 1319 2933 to·

274 2957 343 3012 tam
359 2971 436 3031 rem,
448 2951 618 3037 variasque
633 2974 711 3016 usus
726 2951 929 3020 conditiones
945 2952 1221 3041 percensebimus.

360 3099 390 3160 1.
428 3096 535 3162 Verba
560 3079 693 3176 nescio,
716 3094 814 3159 haurd
836 3085 924 3172 scio,
962 3115 1046 3246 quae
1071 3103 1197 3160 certam
1224 3091 1322 3178 igno-
1378 3095 1383 3102 ¹

272 3171 411 3256 ratidnis
427 3183 600 3260 notionem
617 3178 818 3278 significant,
835 3201 949 3268 quum¹
986 3181 1056 3261 ico,
1074 3201 1147 3254 mo,
1171 3177 1276 3266 qualis
1292 3187 1324 3242 et

166 3309 177 3322 ,
276 3284 336 3328 our
351 3264 459 3351 aliqua
469 3288 526 3330 res
544 3265 604 3340 sit,
620 3287 764 3346 nescire,
790 3288 829 3348 eo
852 3266 968 3348 etiam,
991 3273 1058 3352 quo
1077 3264 1215 3338 verbum
1224 3261 1324 3328 dudi-

274 3360 335 3425 ιο,
349 3360 552 3436 usurpantur
566 3351 668 3426 modo
686 3350 722 3414 in
733 3350 860 3430 animi,
881 3349 958 3437 qui,
974 3360 1087 3414 utrum
1104 3349 1169 3423 hoc
1186 3372 1229 3414 an
1239 3344 1326 3414 'illud

276 3434 329 3513 sit,
357 3434 532 3500 decernere
556 3457 627 3499 non
644 3435 760 3518 audet,
779 3436 912 3501 'incerta
937 3437 1109 3500 sententia.
1152 3436 1326 3500 Ponuntur

276 3518 378 3611 igitur
394 3521 429 3585 in
447 3520 676 3598 disiunctione,
695 3531 728 3588 et
745 3522 894 3587 eamdem
913 3521 1170 3600 constructionis
1180 3519 1324 3585 formam

274 3605 453 3692 recipiunt,
476 3617 560 3694 quae
574 3606 844 3694 interrogationis
868 3628 988 3692 genera
1010 3605 1193 3671 constituit.
1235 3605 1324 3669 Dici-

275 3697 330 3754 tur
345 3690 433 3755 enim
452 3692 584 3771 nescio,
616 3689 734 3755 dubito
759 3702 873 3755 utrum
889 3695 933 3765 -ar'
947 3701 1013 3772 un,
1044 3690 1184 3765 neseio,
1211 3688 1324 3754 dubito
1414 3701 1415 3768 ᾗ

274 3795 317 3846 aa
332 3807 373 3824 -
390 3798 457 3852 ora,
487 3787 520 3846 ct
546 3776 669 3848 omissa
692 3775 729 3839 in
753 3775 860 3863 priori
884 3776 1037 3841 membro
1063 3774 1240 3875 particula.
1286 3773 1325 3840 In
1414 3775 1415 3790 ¹

259 3867 415 3946 ⁴utraque
436 3872 531 3948 parte
547 3861 708 3926 sententia
720 3870 859 3949 ,apparet
874 3883 976 3950 aeque
993 3861 1105 3928 dubia,

373 3985 429 4039 cte.
448 3987 482 4041 dr
497 3991 573 4048 orat.
587 3988 622 4054 2,
643 3986 693 4056 18,
712 3985 756 4042 66.
781 3991 824 4044 ita
849 4005 934 4060 porro
955 3989 1048 4045 verbis
1061 3998 1149 4061 optus
1163 3998 1191 4043 et
1207 3983 1325 4062 persis,
1414 4063 1415 4066 Ἴ

341 4081 375 4123 ut
388 4071 510 4140 nescias,
531 4085 624 4128 utrm
643 4090 686 4128 res
703 4075 841 4140 oratioue,
859 4095 897 4129 arr
919 4073 1005 4131 acrba
1023 4074 1167 4131 rmtsatiir
1187 4071 1324 4128 illustren-
1414 4085 1415 4104 ³

341 4163 395 4210 tar.
427 4149 817 4226 verr.1,41,1ot.urrutn
833 4159 1010 4228 admittas,
1031 4178 1069 4218 au
1088 4168 1224 4225 uomet,
1241 4177 1279 4221 tur
1294 4181 1327 4200 «-
