2882 4752
275 387 318 451 τε
469 411 471 420 ,
775 379 843 446 sn.
907 352 913 367 .

275 540 412 624 dubium
430 545 489 617 est,
512 555 554 599 an
567 533 672 622 magis
689 533 729 601 ad
743 533 1096 630 temporisvsnotioncm
1111 535 1314 605 referantur:

275 627 316 693 de
334 645 399 716 qua
413 645 450 687 re
467 617 590 686 vid.11.
608 625 640 684 2.
1108 627 1113 644 ·

375 757 480 812 Sallust
495 757 557 822 lug.¹
568 755 594 821 1,
610 750 637 806 4.
656 755 704 814 sia
714 763 813 826 coptus
827 756 925 827 pravis
941 754 1117 824 cupidinibus
1134 758 1173 812 αδ
1187 760 1315 816 inertiam

284 837 287 864 ³
340 855 370 899 et
393 840 550 912 voluptatis
576 841 701 910 eorporis
717 859 835 912 ,pessum
859 842 942 893 datus
960 850 1011 893 est.
1044 843 1139 894 Vellei.
1157 845 1185 896 P.
1203 843 1269 908 119,
1288 845 1315 896 2.

340 930 474 986 exercitus
489 925 611 977 omnium
619 920 797 994 fortissimus
811 955 847 968 -
860 925 970 981 insidiis
986 921 1022 978 ab
1038 942 1070 977 eo
1085 924 1164 981 hoste
1178 927 1217 981 αδ
1232 930 1315 982 inter·

208 1073 210 1090 Ι
282 1005 286 1014 ’
339 1015 481 1066 necionem
499 1007 653 1061 trucidatus
668 1019 718 1062 est.
739 1009 805 1075 110,
824 1008 849 1062 6.
873 1012 928 1065 Cic.
942 1008 1108 1076 inVerr.5,
1128 1012 1170 1076 11,Ι
1187 1012 1229 1064 28.
1246 1031 1315 1068 aon·

250 1107 253 1115 '
282 1169 285 1177 1
339 1115 488 1169 numquam
514 1094 598 1148 etiam
623 1111 667 1146 res
689 1093 728 1146 αδ
750 1115 847 1164 manus
870 1107 953 1169 atque
973 1094 1012 1147 αδ
1032 1113 1157 1165 pugnam
1176 1095 1316 1152 veniebat.

338 1181 374 1233 ad
390 1183 439 1246 Qu.
458 1181 494 1234 fr.
510 1179 544 1244 8,
567 1176 594 1230 4.
622 1177 662 1231 αδ
686 1181 848 1234 inimicitias
872 1198 915 1233 res
928 1183 1056 1234 venisset.
1078 1182 1149 1231 Cart.
1164 1180 1196 1246 8,
1218 1183 1315 1247 11,1.

272 1291 276 1296 ·
338 1267 395 1320 iam
411 1263 450 1319 αδ
468 1263 519 1319 teli
536 1265 637 1316 iactum
654 1275 844 1332 pervenerant.
858 1292 892 1304 —
910 1267 982 1317 Haec*
999 1265 1189 1333 quodammodo
1205 1281 1315 1335 compa-

337 1352 392 1405 rari
417 1359 527 1420 possunt
546 1363 609 1401 'cum
634 1348 750 1399 dictione
777 1349 846 1418 apud
870 1349 925 1401 Cic.
946 1367 987 1418 pr.
1004 1351 1087 1402 Domo
1102 1350 1153 1416 34,
1173 1349 1217 1404 92.
1234 1361 1262 1404 et
1272 1369 1315 1420 pr.

336 1439 409 1491 Sext.
428 1435 472 1502 21,
492 1432 536 1489 47.
554 1439 610 1486 r‘em
629 1429 668 1485 αδ
685 1450 780 1486 servos
797 1434 948 1504 pervenire.

306 1553 310 1564 ’
352 1554 385 1621 6.
401 1551 525 1619 Multae
539 1561 615 1615 sunt
634 1550 806 1629 dictiones,
814 1549 848 1613 in
865 1549 1074 1636 quibusnihil
1082 1548 1232 1636 impedit,
1246 1570 1314 1635 quo

215 1657 218 1664 ’
268 1638 379 1704 minus
394 1637 677 1728 praepositionem
692 1636 732 1699 in
744 1634 940 1716 substituas,
957 1636 1044 1700 unde
1059 1657 1156 1722 saepe
1176 1634 1313 1699 varietas

268 1725 451 1813 scripturae
462 1732 649 1788 exortaests
668 1719 768 1786 veluti
776 1719 813 1784 in
829 1732 958 1785 terram
966 1720 1130 1784 deducere
1139 1720 1228 1784 etad
1241 1731 1317 1796 ter-⁴

267 1832 347 1875 ram
356 1809 390 1873 δ.
401 1810 491 1874 Suet.
509 1809 611 1873 Dom.
623 1812 673 1871 17.
682 1804 883 1870 descendere
893 1818 1019 1869 metum
1027 1805 1222 1870 (lacrimari
1232 1807 1314 1870 oni-

267 1914 339 1960 moe
347 1895 416 1961 tiv.
429 1898 518 1975 1,19‚
528 1895 560 1958 5.
593 1893 671 1972 Quo
689 1890 841 1955 differant
857 1889 905 1954 od
912 1891 1066 1980 flumina
1079 1891 1157 1956 etin
1180 1891 1313 1956 lumina
1406 1928 1409 1932 ·

164 2055 168 2061 .
265 1979 390 2057 redire,
407 1978 456 2044 αδ
471 2000 616 2064 corporo
632 1976 755 2041 reverti
771 1986 804 2040 et
820 1976 857 2040 in
871 1999 1028 2063 corpora,
1042 1976 1123 2041 idad
1161 1980 1311 2064 ng.Acn.

267 2071 299 2146 6,
315 2069 389 2131 720.
408 2073 649 2129 monstraturus
664 2063 872 2127 Burmannus
887 2083 958 2126 non
984 2072 1132 2127 accurate
1156 2063 1313 2150 exposuit

267 2173 427 2231 caussam,
446 2159 479 2213 et
493 2149 532 2214 ad
545 2148 641 2213 Ovid.
654 2143 732 2211 Her.
743 2152 774 2228 8,
786 2151 858 2212 136.
871 2147 1046 2235 elegantiae
1063 2147 1199 2212 nominc
1214 2169 1312 2211 com-

265 2259 343 2301 men
385 2245 511 2298 tusum
524 2227 777 2320 praepositionis
788 2231 836 2296 in.
860 2231 1165 2320 Oudendorpiusad
1172 2233 1310 2308 Sueton.

267 2321 336 2386 Tit.
344 2325 376 2384 6.
393 2319 450 2383 ubi
463 2318 611 2406 legiturz.
620 2316 876 2404 receptaqueocl
893 2339 928 2382 se
937 2339 1049 2404 prope
1063 2319 1214 2382 omnium
1228 2313 1311 2406 ⁰ffi·

264 2407 396 2471 ciorum
409 2426 505 2468 cura.
526 2399 656 2491 negavit
669 2402 770 2466 latine
787 2401 851 2466 dici
864 2425 965 2501 posse
979 2405 1127 2489 recipere
1136 2402 1311 2476 ottranni

254 2489 304 2574 'ut
321 2489 365 2568 sit
379 2489 415 2570 in
432 2488 572 2574 domum
590 2497 624 2552 et
643 2487 788 2574 hospitio
805 2510 962 2576 accipere,
983 2489 1122 2574 ideoque
1139 2490 1322 2577 corrigen-*

264 2578 358 2649 dum¹
369 2574 496 2640 censuit
507 2573 715 2660 'receptaque
742 2569 785 2636 ab
803 2595 850 2638 ee.
887 2572 1016 2638 Tamen
1030 2574 1101 2661 ipsc
1116 2573 1310 2640 Terentium

263 2661 369 2746 affert,
387 2659 443 2746 qui
454 2660 575 2724 dixerit
582 2659 699 2742 Heaut.
716 2659 747 2734 5,
772 2659 803 2738 5,
825 2663 876 2722 12.
898 2658 948 2722 αδ
957 2679 1015 2723 ’τηε
1031 2659 1179 2744 recipio:
1184 2657 1310 2746 faciet.

286 2769 338 2829 ro,
362 2745 532 2834 spondeo:
561 2743 653 2831 quod
675 2742 829 2831 profecto
850 2745 999 2808 eamdem
1018 2742 1118 2808 habet
1132 2747 1309 2812 rationem.

261 2771 349 2900 illud
373 2831 515 2913 scilicet,
529 2851 605 2918 ,quo
629 2829 806 2896 Suetonius
828 2850 904 2894 usus
929 2840 990 2912 est,
1014 2829 1140 2918 vulgari
1161 2834 1309 2897 sermoni

264 2919 513 3004 desumptmn„
529 2937 603 2996 non,
626 2913 804 2979 barbarum
823 2913 969 2981 videtur:
1000 2913 1118 3003 reliqui
1131 2917 1310 3006 scriptores

174 3045 177 3053 ι
239 3019 242 3029 “
262 3001 413 3070 dicebant
431 3002 469 3066 in
483 3025 518 3067 ae
533 2999 695 3086 recipere.
735 3045 738 3050 -

365 3136 489 3207 vulgaris
512 3142 562 3189 est'·
576 3136 702 3205 loquendi
724 3135 838 3188 formula
859 3136 889 3190 in
907 3155 1001 3190 aurem
1020 3125 1123 3206 dicere,
1142 3157 1176 3192 ne
1193 3136 1238 3192 alii
1258 3155 1308 3192 aa·

238 3236 239 3243 ¹
333 3221 409 3274 diant
436 3235 531 3274 arcana
548 3221 635 3276 verba.
660 3222 711 3274 Sed
728 3222 803 3293 Virg.
818 3225 881 3273 Aen.
898 3219 924 3289 5,
943 3220 1002 3274 547.
1016 3224 1110 3295 fidam
1124 3229 1164 3282 sic
1171 3221 1258 3295 fotor
1270 3222 1310 3277 αδ

329 3326 434 3364 aurem.
460 3307 505 3360 ubi
522 3311 608 3363 Burm.
621 3326 678 3360 ease
692 3308 758 3360 dicit
778 3306 818 3370 αδ
829 3306 924 3376 fidum
939 3305 1086 3363 bominem.
1121 3313 1206 3379 Atque
1222 3309 1246 3361 ei
1261 3312 1307 3359 as*

271 3391 273 3401 '
328 3393 443 3447 sentitur
455 3393 581 3464 Heynius.
615 3393 714 3444 Contra
731 3388 816 3443 antem
833 3393 960 3444 Goerenz.
979 3395 1032 3446 Cic.
1047 3395 1079 3446 de
1096 3395 1154 3447 Fin.
1171 3395 1196 3459 l,
1207 3395 1251 3459 21,
1265 3392 1310 3446 69.

325 3489 358 3531 nt
375 3503 409 3517 -
428 3496 489 3532 eam
506 3487 614 3532 uatum
629 3475 775 3530 adorarem
788 3475 977 3552 admonerent.
993 3480 1118 3548 explicuit
1135 3478 1223 3543 clam,
1252 3497 1310 3534 nors

326 3560 436 3634 polam.
469 3562 597 3633 Equidem
614 3561 722 3614 differre
737 3562 802 3614 haec
819 3573 906 3632 puto:
932 3564 962 3616 in
978 3584 1071 3618 aurem
1087 3564 1177 3621 dicere
1191 3564 1309 3635 usurpari

327 3646 361 3700 <le
377 3645 481 3700 occulto
499 3659 527 3702 et
549 3645 716 3701 clandestino
740 3665 876 3712 sermone,
904 3647 943 3700 αδ
958 3668 1051 3701 aurem
1067 3648 1157 3705 dicere
1173 3651 1206 3704 tle
1222 3647 1310 3703 verbis

327 3728 553 3788 familiariter‘et
579 3731 681 3786 curiose
703 3733 831 3800 prolatis,
872 3741 1002 3800 tamquam
1025 3734 1056 3785 in
1084 3751 1147 3797 aare
1175 3731 1308 3804 repositis,

329 3817 401 3888 qood
421 3835 474 3872 noa
490 3821 543 3873 alia
561 3817 717 3887 metaphora
734 3818 878 3887 exprimere
889 3819 1018 3884 solemus,
1041 3831 1094 3873 aas
1114 3819 1186 3874 tim
1200 3817 1292 3873 reden.

359 3936 440 3998 Quod
460 3938 538 4006 vulgo
559 3937 655 3990 ‹licimr
673 3937 703 3990 in
721 3932 808 4006 pedes
823 3931 943 4000 desilire,
961 3915 1188 3992 Caesonem.
1207 3931 1242 3999 4,
1265 3933 1307 3987 12.

323 4020 445 4090 scripsit:
474 4021 672 4100 consuetudine
695 4037 747 4072 sua
769 4019 809 4072 αδ
825 4018 912 4091 pedes
933 4022 1111 4094 aperturam.
1145 4023 1180 4073 Et
1200 4021 1306 4072 Patron.

265 4105 268 4111 ’
296 4141 298 4150 .
324 4102 375 4169 97,
392 4104 418 4159 9.
436 4126 488 4180 ego
508 4106 547 4162 αδ
564 4126 656 4180 genua
680 4101 803 4176 Ascylto
820 4104 975 4174 procubui,
999 4105 1041 4160 Ita=
1055 4097 1127 4162 'enim
1145 4107 1178 4158 de
1195 4116 1306 4157 senten-

219 4191 222 4198 “
323 4188 361 4242 tia
375 4193 516 4246 Burmanni
540 4203 611 4247 recte
628 4191 714 4247 edidit
728 4189 880 4264 Antonium,
896 4193 947 4245 nisi
961 4211 1056 4246 acmen
1073 4191 1173 4264 Ascylti
1189 4192 1223 4245 ab
1237 4193 1306 4244 alie-
