2866 4754
278 334 343 419 sos
470 291 473 301 ¹
767 350 839 420 su.
891 409 893 416 s

221 529 223 540 ⁴
280 507 355 574 iam
370 506 408 574 ἰιι
421 504 522 576 Asia.
545 512 740 572 eertumest.
768 503 936 573 Emestius
953 527 1023 571 non
1037 498 1198 572 dubitavit
1214 504 1330 575 delere

281 595 457 682 cuprius.
488 591 552 656 Sed
576 590 786 655 scribendum
810 601 878 664 este
903 591 933 661 is
959 591 1246 658 dicituroidisse.
1276 618 1323 659 ιιιι

280 675 439 746 euntem?
457 677 629 744 aniomin
636 672 750 741 Asin?
767 675 964 764 Intelligitur
981 698 1022 741 ex
1037 678 1320 744 antecedentibusr

280 756 405 858 'quaere
417 755 657 829 ethocuare.
681 760 761 825 Loci
771 762 935 842 Quinctil.
952 764 982 838 5,
998 767 1029 842 6,
1048 768 1080 827 2.
1103 765 1182 842 et5,
1200 769 1252 842 13,
1271 771 1319 829 11.

279 861 316 916 et
328 855 349 915 7
357 897 367 930 ,
392 854 431 929 1,
455 851 507 912 18.
524 847 660 928 correcti
674 856 751 910 sunt
768 849 946 912 sGesnero
963 857 994 912 et
1012 848 1224 936 Spaldiugic‘,
1247 851 1320 914 Ho-

278 944 341 1002 rat.
356 933 417 998 Ars
439 955 475 1022 p.
494 937 566 998 116.
582 955 601 996 e
616 931 776 997 Bentleio.
818 931 858 998 ln
881 933 1126 1018 florensem.
1148 939 1188 1015 2,
1205 939 1244 1016 4,
1269 941 1319 1001 10.

280 1019 342 1086 ede
365 1017 512 1083 hominis
532 1035 673 1098 nomen,
701 1016 806 1082 simul
827 1040 877 1088 arr
896 1016 1087 1100 Romanus,
1121 1042 1169 1083 an
1187 1020 1319 1106 hospes.

277 1105 411 1192 entique
426 1103 578 1168 restituta
590 1094 744 1167 nune'est
760 1102 921 1190 scripturn
935 1101 1038 1168 simul
1053 1114 1105 1170 et:
1118 1125 1320 1192 quemquem

277 1213 327 1256 an
341 1188 466 1255 solutne
485 1187 643 1253 orationis
658 1189 793 1253 nomine
807 1189 955 1253 excusari
970 1199 1112 1276 poteret,
1148 1187 1181 1253 N
1182 1213 1236 1254 em
1256 1191 1319 1255 du·

277 1275 358 1374 plex
376 1297 421 1340 an
436 1273 595 1372 ponitur,
618 1270 676 1336 ubi
699 1283 755 1337 eut
770 1273 851 1337 duee
869 1282 949 1337 sunt
970 1275 1148 1352 sententiae
1166 1276 1318 1346 seleuse
1378 1321 1380 1326 η

277 1369 571 1446 interrogationes,
598 1357 700 1422 veluti
723 1357 883 1438 Quinctil.
901 1361 939 1440 5,
964 1364 1021 1441 10,
1042 1361 1095 1424 50.
1119 1361 1205 1424 liaeo
1226 1373 1260 1425 et
1282 1363 1319 1426 in

273 1441 501 1512 deliberando
513 1444 702 1524 inruemur,
727 1454 760 1508 et
783 1441 974 1508 iniusticiae
990 1443 1039 1508 ed
1053 1445 1141 1509 duas
1157 1446 1317 1511 res'scle-

275 1553 351 1598 mus
372 1523 521 1620 referre,
546 1552 594 1596 an
615 1528 784 1612 voluerit,
815 1550 863 1592 un
908 1530 1043 1594 otuerit.
1072 1529 1187 1594 ubine
1233 1541 1320 1596 otest

276 1617 412 1708 quidem
428 1613 557 1680 admitti
573 1613 760 1678 disiunctio.
783 1549 989 1716 virgiti'pen.
1001 1621 1030 1696 1,
1046 1619 1121 1681 829.
1138 1639 1185 1680 aa
1221 1615 1320 1682 lwebi

72 1683 76 1694 “
127 1680 155 1752 '1
274 1697 398 1766 soror?
424 1723 473 1765 nn
492 1751 508 1766 .
580 1699 731 1786 plerum
753 1719 936 1787 congemis
963 1698 1059 1764 une?
1090 1709 1147 1766 sut
1174 1700 1232 1765 ubi
1256 1723 1319 1791 per

275 1785 464 1874 amphorae
525 1805 656 1883 ormam
704 1784 816 1885 cretio
847 1783 1031 1866 adscendit,
1082 1808 1154 1851 non
1191 1787 1317 1853 diverse

243 1929 246 1938 ,
273 1881 522 1960 comparantur,
544 1879 583 1934 ut
597 1891 631 1934 ιιι
648 1869 727 1948 loeo
744 1871 814 1958 (ξιο.
821 1869 871 1938 ed
885 1871 952 1935 nu.
968 1877 1000 1950 2,
1023 1875 1054 1936 6.
1079 1871 1315 1960 cHeusingero

147 2022 149 2032 ,
274 1957 387 2023 clleto.
429 1955 598 2022 Dubitsvit
611 1953 657 2019 ibi
672 1955 811 2036 Cicero,
825 1946 946 2019 ¹utrum
962 1955 1103 2038 rediret,
1123 1979 1164 2021 nn
1186 1958 1222 2035 in
1241 1959 1316 2024 ville
1366 2013 1369 2020 ,
1417 2031 1418 2036 1

164 2077 166 2085 ·
192 2065 194 2073 ·
273 2051 306 2110 et
320 2042 409 2108 Antii
424 2041 621 2107 consideret.
641 2038 727 2104 Illud
740 2039 874 2126 quidem
890 2043 988 2106 etism
1002 2041 1038 2106 in
1056 2042 1180 2130 duplici
1196 2067 1239 2109 ne
1254 2067 1316 2132 ep.-
1417 2057 1418 2082 ¹

263 2128 379 2218 peret.
401 2126 467 2192 vid.
483 2125 621 2190 Bentlei.
641 2123 682 2188 ud
696 2125 810 2194 Horat.
831 2127 902 2190 Art.
917 2149 952 2212 p.
970 2132 1042 2191 116.
1065 2127 1203 2194 Restant
1217 2130 1316 2194 dubis
1417 2157 1418 2160 ¹

274 2211 426 2300 exemplu
456 2209 557 2276 haece
594 2209 662 2274 Cic.
687 2209 779 2274 Brut.
804 2215 866 2291 23,
894 2215 947 2275 69.
977 2213 1101 2298 paucis
1133 2226 1316 2302 antequam
1359 2225 1371 2252 ⁹
1417 2281 1418 2290 ,

200 2355 203 2362 .
271 2309 424 2364 mortuus
447 2307 497 2362 est
519 2319 565 2362 an
587 2293 723 2376 diebus,
753 2311 800 2360 nn
824 2294 1002 2361 mensibus.
1044 2296 1207 2386 Equidem
1236 2322 1348 2366 veros

271 2406 341 2457 non
358 2381 485 2465 dubito,
525 2380 582 2444 u‘in
600 2381 715 2444 Cicero
739 2381 907 2468 scripserit
913 2383 1039 2468 paucis
1053 2419 1093 2434 -
1110 2383 1247 2466 diebus,
1267 2409 1315 2450 an

271 2465 451 2534 mensibus.
506 2474 536 2529 «t
551 2465 663 2529 omisit
677 2465 757 2529 illud
776 2489 824 2530 aa
842 2467 959 2531 Parcus
975 2468 1009 2532 in
1025 2467 1105 2534 Lex.
1120 2471 1201 2534 crit.
1219 2494 1253 2560 p.
1261 2475 1314 2536 88.

272 2554 367 2634 Quae
380 2549 551 2615 Ellendtus
568 2572 675 2640 nuper
685 2550 835 2631 eontulit,
853 2551 947 2616 clieni
962 2563 1039 2617 sunt
1053 2555 1199 2642 generis=
1235 2579 1313 2621 nem

271 2635 544 2704 inmittunt.
562 2639 619 2716 19,
640 2637 694 2702 57.
717 2633 869 2700 Gabinio
888 2636 1020 2713 dicam,
1044 2663 1134 2705 anne
1147 2639 1313 2728 Pompeio

240 2785 244 2794 ,
270 2741 341 2788 nen
356 2721 560 2788 desideretur
573 2722 664 2809 prius
679 2720 888 2802 membrum,
910 2723 960 2786 eui
977 2724 1117 2789 alterum
1138 2747 1201 2813 per
1222 2747 1314 2792 anne

244 2798 250 2816 “
270 2808 458 2877 adiicietur:
489 2807 523 2872 in
539 2805 614 2872 libr.
631 2805 672 2870 de
686 2800 758 2870 Fin.
777 2811 817 2888 2,
836 2812 895 2888 82,
918 2811 990 2872 104.
1012 2810 1073 2874 slis
1089 2821 1156 2892 est,
1176 2820 1214 2876 ut
1227 2834 1311 2876 mox

268 2893 476 2983 videbimus,
492 2892 590 2960 ratio.
631 2892 682 2957 De
699 2890 798 2956 offic.
815 2897 855 2972 8,
879 2899 938 2974 12,
957 2895 1010 2959 50.
1040 2895 1097 2995 qui
1120 2896 1309 2962 ediderunt:

268 2977 330 3044 sed
343 2976 492 3066 dubitet,
512 3001 559 3042 (ιιι
574 2988 672 3064 turpe
685 2979 751 3058 sit,
770 3000 819 3042 un
832 2988 888 3043 tur
912 3001 1013 3044 enon
1027 2992 1085 3046 stt.
1108 2981 1225 3047 vellem
1240 3004 1309 3048 uno
1416 2997 1417 3006 ’

261 3071 357 3128 'certe
373 3061 528 3152 exemplo
547 3062 845 3143 demonstrassent,
894 3065 1058 3130 icerouem
1084 3066 1128 3130 ite
1150 3069 1310 3216 umpuem
1384 3128 1393 3148 Ι

267 3147 446 3235 loquutum
462 3170 542 3213 esse.
584 3148 670 3212 Nem
685 3147 775 3234 quod
791 3147 923 3214 Beierus
938 3150 1033 3214 effert
1052 3173 1093 3216 ex
1108 3151 1203 3240 Epa
1240 3149 1311 3217 Au,

269 3237 329 3315 11,
346 3238 383 3300 6.
406 3233 485 3298 elius
508 3253 578 3298 esse
600 3233 820 3316 conditionis,
852 3234 918 3300 ism
940 3237 1137 3302 notavimus.
1181 3237 1249 3302 Cic.
1271 3239 1307 3304 in

169 3331 173 3342 '
267 3318 379 3384 Pison.
397 3322 459 3400 10,
480 3323 534 3384 22.
557 3317 596 3382 in
613 3341 676 3406 quo
698 3341 797 3383 nemo
812 3315 928 3406 potest
946 3320 1079 3403 dicere,
1109 3333 1223 3402 utmm
1244 3322 1308 3388 iete

262 3401 345 3491 plus
366 3402 507 3482 biberit,
530 3425 578 3469 au
608 3405 789 3485 vomuerit,
831 3427 879 3468 un
911 3403 1079 3494 effuderit.
1129 3405 1217 3473 Edit.
1243 3419 1307 3474 vet.

158 3504 164 3514 ’
266 3499 330 3554 asi-t
344 3487 525 3556 vomuerit:
545 3487 601 3552 sed
618 3490 691 3577 quis
706 3512 777 3554 non
791 3489 878 3554 videt
892 3487 972 3555 haee
982 3491 1078 3556 verbe
1095 3502 1157 3557 ant
1171 3515 1305 3560 vomue-

260 3573 314 3638 rit
330 3597 348 3637 c
364 3573 500 3640 librario
514 3572 623 3638 edditu
639 3598 708 3640 esse
725 3575 765 3639 ad
784 3575 1013 3662 explicandum
1034 3576 1173 3641 verbum
1195 3575 1306 3667 effim-

265 3656 371 3726 dere?
408 3659 458 3725 lte
478 3658 675 3747 scripseram
698 3669 772 3725 ente
797 3659 920 3724 multos
944 3683 1066 3725 curros:
1097 3683 1185 3728 nune
1202 3665 1305 3735 ,video

263 3743 363 3810 etiem
381 3744 416 3811 in
433 3745 544 3810 codice
558 3743 686 3809 Erfurt.
701 3744 770 3830 iegi-
781 3755 853 3824 aur,
877 3755 910 3808 et
927 3745 1137 3812 Wunderum
1154 3749 1304 3813 eumdem

224 3835 226 3842 '
262 3831 457 3896 sententium
476 3829 517 3894 de
531 3829 594 3895 hee
613 3829 680 3895 inte
724 3829 867 3896 clatione
882 3832 1090 3919 concepisse,
1115 3853 1214 3919 quem
1231 3829 1305 3900 uide

261 3917 369 4002 p-51.
410 3913 449 3978 In
464 3916 614 3980 Varrone
638 3851 742 3979 derfie
764 3930 793 3978 r.
820 3923 857 3997 1,
882 3919 913 3980 8.
942 3928 975 3981 et
998 3917 1082 4008 quid
1102 3917 1140 3981 ιἰι
1161 3917 1302 3982 colendo
1415 3939 1416 3942 ’

262 4021 323 4064 nos
341 3999 511 4064 docetote
525 4023 573 4064 an
588 3999 652 4076 sit,
676 4021 724 4065 arr
738 3999 822 4086 quid
834 4000 950 4082 aliud,
974 4013 1006 4068 et
1031 4025 1054 4067 ιι
1077 3999 1193 4090 quibus
1218 4025 1303 4068 car-

188 4101 194 4114 *
256 4082 389 4150 ⁴ceribus
413 4084 575 4150 decurrat
595 4083 644 4149 cd
669 4082 804 4151 metas?
833 4085 1052 4154 Schneiderus
1074 4109 1153 4154 eum
1175 4089 1299 4152 Ponte-

261 4168 340 4236 dere
356 4170 518 4238 correxit:
541 4170 652 4260 ecquis
671 4207 709 4222 -
722 4170 820 4240 docet
834 4195 892 4240 ers
908 4173 956 4240 sit
963 4219 974 4258 ,
997 4195 1045 4240 aa
1058 4207 1122 4241 -.
1149 4171 1200 4244 Et
1212 4173 1298 4266 quid

1414 3979 1416 4124 i
