2866 4754
234 311 329 386 ‘328
532 335 542 348 “
601 325 604 330 ·
754 303 824 382 tu.

264 459 382 558 potest·
391 469 525 559 quidem
541 467 739 536 affirmando
762 459 913 535 substitui
927 493 975 536 ari
994 470 1082 536 nihil
1091 473 1308 560 gratiae-ac-

264 555 406 622 ciderite
423 567 463 622 at
487 558 570 622 dixit
593 553 648 620 itte
668 567 844 641 negaturus
859 557 971 624 nascio
985 581 1033 622 aa
1046 559 1187 644 gratius
1202 558 1306 646 quiid-

263 642 563 729 quumaociiierit.
594 642 617 705 i.
636 662 665 704 o.
686 663 756 706 non
780 653 875 730 puto,
918 643 979 707 Hic
998 654 1066 708 crat
1087 665 1173 710 usus
1190 667 1308 709 receu-

262 729 388 793 riorum
405 729 550 792 maxims
568 726 633 791 scri
659 737 790 809 torum,
835 730 869 792 ui
891 751 908 794 u
932 729 1098 797 Ciceronis
1126 741 1308 796 consuetu·

183 894 186 897 Ι
265 813 342 879 dine
353 813 576 879 'secedebant
602 747 726 878 Plinius
748 814 796 877 uti
812 751 916 902 dpist.
931 818 974 890 7,
999 819 1049 879 19.
1072 814 1218 893 dixerat,
1240 817 1308 880 do-

262 898 317 965 leo
335 899 425 964 anim
440 895 817 998 maximamfeminam
831 898 920 985 eripi
939 899 1044 964 oculis
1059 899 1228 981 ciuitatis,
1243 923 1308 966 rue·

262 985 401 1065 ceiofus
415 983 551 1082 aliquid
564 985 677 1049 simitu
695 979 827 1049 visuris.
851 987 873 1050 i.
891 1005 920 1049 e.
949 1007 992 1050 en
1015 1006 1174 1079 umquem
1189 986 1308 1052 visuris

261 1066 386 1154 aliquid
410 1069 535 1151 simile,
566 1069 646 1133 dicit
668 1069 767 1134 otium
788 1071 851 1157 Ep.
876 1074 915 1145 8,
939 1074 968 1136 1.
990 1071 1102 1135 neseio
1128 1094 1176 1138 aru
1198 1071 1309 1135 ullum

261 1163 394 1238 tempus
422 1153 605 1222 iucundius
628 1155 811 1242 exegerim.
841 1155 864 1218 i.
889 1176 918 1219 e.
948 1175 1017 1234 non
1045 1167 1143 1243 puto.
1195 1155 1240 1220 Et
1259 1159 1308 1222 ita

261 1237 370 1304 Vulor.
385 1238 477 1306 Max.
492 1241 531 1317 6,
554 1245 594 1321 2,
614 1244 646 1304 9.
667 1239 778 1304 multa
791 1239 949 1338 iusignia
962 1240 1144 1340 Pompeia,
1165 1241 1231 1306 sed·
1243 1265 1309 1307 ae-

260 1323 332 1388 seio
351 1341 402 1390 aa
415 1326 479 1392 dac
494 1325 681 1414 quidquam
702 1323 943 1392 admirabilius
965 1328 1159 1414 samagar-it.
1201 1327 1307 1392 Corn.

210 1451 213 1464 ·
261 1406 387 1474 Timol.
412 1416 450 1491 1,
474 1416 504 1476 1.
534 1411 790 1498 namquaJuaic·
806 1410 869 1474 urii
885 1411 1050 1498 contigit,
1126 1410 1173 1477 od
1192 1413 1308 1478 nescio

261 1515 311 1558 aa
323 1494 398 1572 ulli.
415 1496 590 1576 «Quinctil.
606 1501 626 1560 9
635 1543 645 1578 ,
666 1497 705 1576 4,
728 1503 759 1560 1.
779 1495 836 1560 aui
850 1496 961 1561 nascio
976 1496 1076 1561 anal
1089 1521 1110 1561 a
1120 1509 1309 1585 pars‘ope-

259 1580 310 1645 ris
325 1581 424 1646 haias
439 1583 486 1646 eit
499 1581 615 1681 magis
634 1579 824 1646 elaborata.
853 1587 914 1663 10,
939 1587 975 1663 1,
1002 1577 1055 1647 65.
1082 1594 1115 1647 et
1129 1583 1242 1648 nescio
1258 1607 1309 1647 ari

260 1664 334 1728 ulla
349 1701 393 1717 -
411 1679 474 1730 aut
488 1668 636 1732 similior
658 1666 705 1732 sit
724 1665 934 1739 oratoribus,
960 1680 1022 1732 aut
1038 1677 1098 1733 etc.
1128 1673 1168 1749 7,
1192 1673 1230 1750 2,
1250 1669 1306 1733 41.
1428 1719 1429 1732 ,

260 1748 320 1814 ubi
335 1751 478 1822 correxit
493 1753 720 1840 Spaldiugius,
741 1753 835 1817 sicuti
849 1752 884 1816 iu
901 1752 981 1818 eliis.
1012 1753 1127 1819 Senes.
1146 1755 1306 1819 Controv.
1391 1775 1396 1787 ’

260 1840 294 1902 ὃ.
316 1835 422 1902 P-rsef.
439 1861 475 1924 p.
493 1845 565 1906 120.
585 1839 691 1904 Gron.
716 1837 877 1937 splendor
889 1839 1059 1907 orationis,
1079 1851 1223 1926 queamus
1243 1863 1307 1905 ne-

259 1920 331 1986 scia
346 1943 394 1988 aa
416 1923 454 1986 iu
468 1923 539 1989 ullo
560 1924 631 1992 aliu
644 1920 768 2012 suerit.
812 1924 936 1990 Gellius
955 1925 992 2001 5,
1015 1929 1068 1992 20.
1088 1926 1307 2012 nestri-puo-

305 2029 323 2076 ε
345 2007 514 2074 coloseum
533 2007 658 2096 facile,
687 2009 920 2075 soloecismum
940 2011 1064 2075 nescio·
1077 2033 1124 2076 un
1146 2033 1307 2097 umquam

287 2092 424 2159 ixcriat.
472 2094 511 2160 In
540 2095 766 2185 Quiuotilieno
789 2097 1008 2160 Buttmannus
1031 2095 1072 2159 ed
1095 2102 1152 2174 12,
1184 2102 1242 2171 10,
1273 2101 1306 2162 2.

234 2227 235 2234 .
258 2177 392 2242 nullum
407 2179 599 2268 exemplum
618 2192 743 2248 certum
758 2181 900 2256 invenit,
923 2181 959 2244 in
975 2202 1041 2267 quo
1053 2181 1109 2245 illc
1123 2179 1306 2246 formulam
1378 2253 1382 2263 ,

259 2263 374 2328 nescio
398 2287 446 2329 aa
467 2267 610 2331 iunxerit
631 2267 798 2354 negationi
820 2267 912 2357 (num
927 2271 966 2348 7,
987 2271 1026 2348 2,
1047 2267 1100 2331 40.
1123 2287 1207 2330 unus
1229 2271 1307 2331 tuu-

259 2357 333 2418 tum
352 2349 458 2414 codex
471 2351 570 2416 hebet
585 2355 796 2440 numquam),
819 2355 955 2440 ipseque
971 2351 1172 2438 suspicatur,
1195 2352 1307 2436 Quin-

138 2461 160 2484 x
260 2432 433 2500 stilianum
451 2437 487 2500 in
503 2433 612 2503 verdis
635 2439 845 2525 augentibus,
868 2436 1095 2519 laudantibus,
1115 2443 1306 2504 asseveren-

152 3562 158 3578 ‘
258 3542 320 3606 bus
337 3545 466 3610 codices
481 3549 626 3630 varient,
653 3561 741 3616 certe
760 3550 878 3634 aliqui,
902 3549 958 3634 qui
974 3547 1018 3610 ob
1034 3569 1166 3612 sensum
1179 3570 1219 3614 ve

211 2599 216 2606 Ι
259 2517 369 2596 tibus,
388 2519 479 2585 'velut
493 2525 606 2589 nescio
622 2547 670 2588 au
682 2523 874 2610 plurimum
889 2543 987 2587 sensu
1008 2521 1223 2604 affirmativo,
1248 2523 1307 2588 sed

260 2595 377 2670 nesciri
398 2629 446 2670 an
467 2607 591 2686 ullum,
614 2610 727 2674 neseio
751 2633 799 2674 ars
817 2605 1013 2682 enarrabile
1033 2610 1184 2696 negativo
1206 2630 1307 2680 usur-

230 2695 232 2699 ’
259 2709 367 2780 pesse.
413 2691 514 2774 Quod
529 2695 671 2760 nimium
688 2695 834 2760 videtur:
855 2696 967 2758 temeri
994 2694 1030 2757 in
1051 2693 1113 2758 hec
1134 2717 1172 2759 re
1193 2694 1306 2758 cuius-

261 2795 326 2861 que
349 2776 521 2864 scriptoris
544 2781 817 2845 consuetudinem
845 2779 1074 2866 maximopere
1091 2801 1250 2844 *curemus
1273 2789 1308 2843 et

250 2881 427 2928 servemus
444 2885 575 2932 neeesse
591 2868 662 2931 erit.
709 2865 948 2946 Quinctiliunus
969 2865 1104 2950 quidem
1122 2871 1173 2947 12,
1197 2869 1247 2946 10,
1271 2871 1305 2930 2.

259 2948 414 3032 scripsit:
433 2943 544 3038 ‘atqcue
571 2951 661 3016 ideo-
674 2951 826 3016 noudum
848 2962 898 3018 cst
912 2947 1095 3039 ‘perfectus
1106 3027 1107 3032 γ
1118 2960 1238 3016 orator
1256 2973 1319 3018 uc·

259 3032 373 3098 nescio
389 3035 436 3097 an
451 3058 508 3100 ars
525 3037 608 3101 ulla.
631 3037 665 3100 in
691 3059 757 3124 quo
781 3037 858 3101 loco
884 3036 954 3102 uon
976 3047 1045 3100 tum
1064 3033 1306 3100 fucilisduisset

260 3119 437 3183 correctio.
480 3119 519 3185 ln
542 3122 710 3188 Ciceronis
731 3123 823 3187 libris
841 3143 944 3208 quum
960 3121 1025 3185 duo
1040 3132 1169 3188 tuntum
1189 3143 1306 3186 exem-

258 3201 316 3290 plu
330 3201 371 3268 ud
395 3205 522 3290 Asse,
542 3213 575 3273 3.
598 3219 630 3272 et
646 3209 738 3272 Orat.
757 3214 794 3290 2,
819 3213 851 3271 7.
874 3207 1097 3283 inveniuntur,
1127 3207 1161 3271 in
1185 3206 1305 3293 quibus

259 3286 325 3350 ulli
352 3297 384 3350 et
406 3311 565 3377 zincquam
590 3293 629 3356 ab
654 3293 809 3358 omnibus
840 3291 1006 3356 codicibus
1039 3293 1145 3356 udhuc
1178 3290 1305 3358 collatis

259 3371 520 3457 confirmentur,
562 3401 746 3466 eorumque
768 3379 940 3464 corruptio
961 3377 997 3440 in
1017 3371 1174 3464 proximu
1196 3377 1307 3441 littero

239 3481 284 3541 ‘n
298 3457 399 3522 lutere
413 3460 582 3543 videatur,
605 3465 791 3550 quaeritur,
813 3465 922 3528 sintne
938 3463 973 3526 in
989 3462 1027 3527 iis
1048 3463 1149 3539 loeis,
1170 3463 1205 3528 in
1228 3462 1305 3610 ‹Eri-

1220 3570 1238 3610 r
1263 3569 1306 3612 o-

257 3647 335 3692 rum
366 3635 548 3698 necessario
578 3637 749 3720 requirunt
776 3634 883 3698 ulium
906 3643 938 3698 et
960 3636 1131 3719 umqriom.
1205 3633 1307 3718 Atqui

257 3711 369 3776 nullus
385 3727 457 3781 este
471 3718 576 3784 immo
596 3722 667 3786 Cat.
685 3725 736 3801 16,
758 3723 812 3785 56.
835 3739 905 3782 non
919 3728 1051 3804 poteret
1063 3717 1138 3793 dici,
1163 3728 1200 3782 ut
1215 3739 1305 3782 nunc

259 3797 472 3865 Gemhurdus
488 3804 668 3870 existimet:
693 3828 770 3870 meu
788 3802 923 3892 quidem
938 3804 1107 3868 sententia
1123 3802 1221 3868 liaud
1233 3803 1305 3868 scio

258 3906 307 3948 ari
329 3882 550 3953 ullu'beatior
564 3913 634 3955 asse
643 3882 776 3976 possit.-
803 3911 881 3954 num
905 3889 1085 3977 praemissu
1106 3887 1206 3953 verbu
1225 3903 1306 3952 maa

256 3968 393 4057 quidam
410 3976 581 4039 sententia
599 3985 787 4040 monstrant
810 3975 902 4060 sequi
924 3974 1043 4042 debere
1063 3973 1202 4040 verbum
1226 3973 1306 4061 opi-

205 4064 207 4068 ’
255 4055 366 4120 aionis
385 4067 508 4142 certae,
533 4082 602 4126 non
625 4062 785 4127 inscitiae,
825 4061 869 4128 Et
885 4062 919 4126 in
938 4062 1030 4126 Orut⁴
1048 4065 1088 4135 2,
1111 4063 1143 4124 7.
1165 4057 1306 4124 ubiium

254 4137 387 4228 Iuctius
403 4142 537 4218 exhibet
550 4169 745 4240 numquam,
765 4147 801 4216 id
816 4167 921 4215 unum
936 4146 1067 4214 admitti
1080 4155 1192 4234 potest
1203 4145 1304 4214 resu-
