2882 4752
222 349 450 413 180.
636 341 832 406 'An

287 503 343 568 tic.
358 506 390 584 7,
405 505 437 566 5.
460 499 636 587 praecepit,
657 517 726 562 non
742 497 925 584 ingressum
941 501 976 563 in
993 499 1121 583 urbem,
1136 503 1193 569 sed
1214 525 1324 569 acees-

288 609 363 652 sum
379 587 419 651 ad
434 587 522 649 urbis
537 585 707 670 regionem
720 585 963 671 praepositione
978 586 1162 672 significari.
1182 589 1219 653 Id
1239 613 1323 677 pro-

287 669 626 738 baveruntOttdeudo
671 670 719 732 ius
738 669 779 732 ad
795 671 885 734 Caes.
899 671 937 733 Β.
954 673 1001 738 G.¹
1022 677 1058 752 1,
1076 679 1107 737 7.
1134 675 1266 754 Cortius
1283 675 1324 739 ad

288 751 420 822 Sallust.
445 752 514 841 lug.
539 757 590 818 57.
660 753 879 817 uddimannus
897 761 928 818 2.
953 777 989 843 p.
1004 761 1082 822 280.
1106 769 1138 823 et
1161 760 1224 824 aliis
1255 760 1321 824 Sed

286 844 352 908 iam
366 841 503 907 Vossius
527 838 689 903 intellexit
707 839 769 902 hae
785 840 934 905 universa
952 842 1062 930 regula
1081 847 1199 930 parum
1215 841 1321 910 ellici}
1359 897 1362 902 .

222 996 225 1002 ,
286 950 363 992 nam
379 935 608 1014 praeterquam
625 925 715 1010 quod
733 927 914 990 accusativo
930 929 1123 1008 nominum,
1143 951 1213 993 non
1229 930 1322 994 addi-

284 1023 318 1078 ta
341 1010 602 1111 praepositione,
621 1010 717 1073 etiam
732 1010 855 1077 itineris
880 1011 1016 1077 directio
1041 1015 1082 1078 ad
1104 1015 1237 1078 alieuius
1255 1014 1324 1078 loei

285 1119 454 1184 regionem
472 1095 677 1183 exprimitur,
697 1096 834 1182 vulgaris
851 1096 1009 1182 loquendi
1024 1101 1240 1181 consuetudo,
1253 1121 1323 1163 non

284 1185 462 1248 verborum
481 1181 566 1244 ratio
592 1181 799 1244 constituisse
814 1181 941 1245 videtur
955 1183 1058 1264 hanc,
1086 1206 1185 1269 quam
1203 1185 1332 1273 optimi

285 1261 471 1356 scriptores
481 1266 733 1330 observaverunt
741 1310 754 1344 ,-
770 1265 894 1352 legem:
919 1269 1035 1344 sicuti,
1061 1269 1119 1332 ubi
1139 1289 1163 1334 n
1180 1292 1325 1358 praepo-

286 1354 361 1417 sitio
381 1352 529 1441 ponitur,
548 1373 617 1415 non
628 1373 759 1437 semper
779 1373 925 1438 egressus
942 1374 984 1416 ex
996 1353 1110 1418 vicinis
1125 1354 1208 1419 loeis
1223 1365 1324 1419 nota-

285 1449 351 1504 tur.
383 1439 452 1503 Cic.
469 1437 508 1500 de
525 1437 653 1500 Senect.
669 1435 707 1516 4,
731 1440 780 1498 10.
802 1459 939 1524 curruque
956 1460 994 1502 eo
1014 1449 1174 1526 quartum
1189 1439 1324 1504 consule
1395 1431 1399 1438 ’

284 1522 552 1594 adolescentulas
566 1521 662 1584 miles
678 1517 848 1608 profectus
863 1521 938 1584 sum
958 1522 1007 1586 ad
1024 1522 1200 1608 Capuam,
1222 1526 1323 1611 quin·
1394 1531 1397 1538 '

284 1621 320 1675 to
351 1632 383 1674 ie
407 1630 498 1673 anano
522 1617 600 1694 post
627 1603 676 1668 ad
695 1605 892 1670 Tarentum.
928 1605 978 1670 Ibi
1005 1609 1107 1672 critici
1134 1609 1323 1696 'explicante

285 1632 534 1773 adquercitum,
562 1691 619 1778 qui
639 1700 708 1764 erat
723 1690 765 1754 ad
782 1691 941 1777 Capuam.
964 1693 1112 1780 Propert.
1137 1699 1176 1769 3,
1205 1700 1266 1778 21,
1291 1701 1320 1761 1.

283 1801 449 1868 magnum
472 1779 539 1843 iter
559 1776 607 1840 ad
631 1775 750 1838 clectus
762 1773 937 1862 proficisci
950 1798 1055 1864 cogor
1070 1779 1236 1842 Athenas.
1265 1779 1324 1844 ubi

282 1889 325 1932 ne
342 1885 489 1929 caussam
503 1862 538 1926 in
555 1861 711 1932 adiectiro
730 1861 840 1924 addito
856 1883 1061 1946 quaeramus,
1076 1865 1212 1928 Vossius
1225 1887 1322 1928 com·-

282 1961 377 2039 parat
400 1949 496 2014 Ovid.
511 1948 587 2012 Her.
615 1952 654 2024 2,
679 1949 731 2010 83.
758 1945 878 2034 doctap'
900 1949 974 2011 iam
996 1971 1085 2011 nanc
1109 1960 1176 2024 eut,
1201 1949 1320 2036 inquit,

237 2053 243 2060 ‘
283 2037 448 2102 Attienus.
478 2031 545 2097 Nee
562 2042 674 2095 tamen
690 2031 799 2096 Vossii
815 2033 1036 2112 sentcntia‚de
1054 2033 1187 2116 Cuonstr.
1199 2058 1237 2132 p.
1247 2037 1322 2099 478.
1382 2051 1387 2060 ’

280 2121 428 2210 prolata,
451 2116 812 2212 comprobarinpotest,
835 2118 1117 2265 praepositionem
1132 2119 1225 2197 addi,
1248 2140 1320 2183 non

153 2255 160 2280 .
268 2213 320 2270 'ut
332 2210 444 2270 motus
461 2202 501 2266 ad
516 2201 630 2265 locum
649 2201 804 2280 vicinum,
827 2201 885 2264 sed
907 2226 924 2264 a
938 2202 1029 2289 iquid
1047 2225 1115 2268 esse
1129 2204 1181 2268 vel
1193 2201 1264 2268 lieri
1283 2203 1321 2266 in

281 2291 359 2356 loco
381 2288 490 2354 vicino
509 2281 720 2374 significetur.
763 2285 806 2348 Et
830 2308 1036 2374 quamquam¹
1049 2289 1092 2370 ii,
1120 2290 1177 2374 qui
1197 2289 1335 2362 trium-¹

280 2375 397 2464 phumi
404 2371 653 2460 exspectabant,
680 2380 736 2434 aut
753 2393 770 2434 e
785 2372 955 2458 provincia
971 2384 1187 2456 reverterant,
1213 2374 1320 2438 usita-

253 2517 255 2523 .
280 2467 314 2525 ta
330 2458 476 2524 formala
495 2455 686 2526 dicebantur
705 2453 883 2520 adurbem
900 2458 1042 2534 venisse,
1078 2480 1177 2545 quam
1191 2459 1319 2546 ingredi
1350 2531 1357 2538 ,

280 2545 433 2611 nondum
458 2543 496 2606 iis
515 2541 642 2606 licitum
667 2540 797 2623 fuisset,
823 2541 888 2606 boc
906 2567 976 2608 non
992 2566 1057 2608 una
1073 2545 1322 2632 praepositione

281 2628 521 2707 declarabatur,
552 2627 608 2692 sed
628 2627 699 2714 ipsa
725 2650 772 2692 re.
818 2629 967 2693 Sanctius
990 2630 1099 2717 igitur,
1124 2629 1319 2710 „absurdius

281 2716 438 2794 delirant,
469 2713 594 2798 inquit,
624 2733 659 2800 p.
676 2715 750 2777 234.
773 2713 830 2799 qui
844 2715 1063 2796 contendunt,
1094 2715 1264 2779 aliudesse
1280 2736 1319 2778 eo
1425 2721 1427 2740 ¹

278 2793 441 2880 Romam,
472 2798 559 2864 aliud
578 2821 615 2860 eo
640 2797 690 2861 ad
710 2795 873 2870 Romam:
901 2796 1015 2863 dicunt
1030 2799 1119 2863 enirn
1135 2801 1320 2886 sineprae-
1357 2801 1385 2844 ¹¹

278 2886 447 2975 positione
468 2883 584 2972 locum
603 2883 713 2970 ipsum
740 2882 931 2971 significari,
971 2907 1047 2949 cum
1071 2885 1330 2973 praepositione
1374 2963 1379 2972 .

277 2987 367 3038 vcro=
380 2971 478 3034 iuxta
497 2969 548 3034 vel
559 2989 681 3054 prope.
724 2969 859 3032 Delirat.
872 2969 975 3056 igitur
989 2969 1114 3054 Livius,
1144 2970 1204 3056 qui
1219 2991 1273 3034 sae
1299 2991 1318 3034 e
1376 2985 1379 2990 ·

165 3057 172 3064 ”
277 3078 365 3121 nune
385 3053 509 3135 Veios,
536 3068 625 3118 nunc
651 3051 700 3117 cd
723 3051 828 3118 Veios
851 3055 968 3119 eodem
992 3077 1091 3119 sensu
1116 3054 1205 3129 dicit.
1280 3075 1317 3119 ec
1422 3083 1423 3090 ¹

187 3213 189 3216 ,
277 3141 362 3206 mihi
376 3139 474 3204 etiam
490 3139 523 3202 in
538 3137 599 3201 hae
613 3148 706 3225 parte
719 3137 826 3224 placet
842 3139 914 3225 ipse
930 3141 1064 3219 Cicero,
1089 3161 1192 3238 quum
1206 3138 1267 3204 lib.
1282 3143 1316 3203 7.
1372 3152 1375 3160 “
1421 3161 1422 3186 i

278 3227 373 3316 epist.
391 3229 422 3288 3.
453 3223 562 3287 Attico
579 3246 649 3296 sese
665 3233 816 3304 excusat,
842 3226 933 3310 quod
952 3226 1119 3312 scripserit
1134 3226 1172 3288 in
1186 3225 1319 3288 Piraeea
1365 3285 1369 3292 ,

275 3311 377 3401 qaum
392 3309 589 3374 venissem.“
611 3309 725 3372 Cicero
742 3308 874 3394 quidem
889 3319 995 3375 totam
1013 3333 1084 3376 rem
1101 3309 1140 3384 de
1157 3330 1216 3373 sua
1231 3308 1317 3372 alio-

275 3420 352 3462 rum
375 3394 812 3481 ueopinionedemonstratz
863 3391 1120 3482 raepositionem
1137 3394 1212 3457 addi
1226 3393 1318 3458 sole-

274 3505 322 3565 re,
336 3419 526 3547 uliinomen
541 3500 610 3543 non
626 3477 754 3566 oppidi,
769 3479 824 3542 sed
838 3415 905 3562 loci
920 3490 1074 3567 ponatur,
1086 3479 1250 3566 igiturque
1267 3478 1317 3544 ad

275 3561 614 3653 Romamprofieisei
639 3584 710 3640 non
734 3564 796 3640 diei
811 3565 852 3628 de
869 3563 967 3646 urbe,
991 3561 1049 3628 sed
1063 3564 1103 3628 de
1118 3564 1216 3642 loco,
1247 3573 1321 3662 quo

275 3654 387 3717 tendat
408 3652 480 3716 iter.
523 3651 607 3714 Ante
633 3649 744 3712 omnia
758 3648 839 3712 illud
854 3651 1053 3730 tenendum,
1075 3650 1166 3736 quod
1179 3651 1317 3714 Vossius
1414 3651 1416 3672 “

275 3748 307 3803 et
322 3736 509 3802 Perizonius
529 3735 569 3799 ad
586 3734 696 3798 Sanct.
715 3733 797 3797 Min.
817 3734 1011 3814 docuerunt,
1031 3733 1317 3821 praepositionem

127 3841 134 3868 t
197 3881 199 3886 .
274 3822 406 3886 urbium
422 3819 612 3884 nominibus
629 3818 771 3882 additam
786 3817 865 3882 nihil
884 3816 1025 3900 habere,
1050 3819 1140 3906 quod
1160 3819 1196 3881 in
1209 3826 1316 3882 artem
1411 3903 1412 3908 γ

265 3917 334 3984 ‘aut
346 3915 496 3970 naturam
511 3903 809 3993 linguaeincurrat,
831 3901 998 3984 Ciceronis
1014 3913 1117 3986 aetate
1133 3901 1172 3964 ab
1186 3901 1236 3982 iis,
1258 3902 1317 3987 qui
1412 3935 1413 3942 .

275 3991 451 4080 elegantiae
472 3991 657 4068 studerent,
687 3985 756 4053 fere
780 3987 938 4052 omissam
956 4011 1026 4055 esse
1043 3988 1184 4071 ideoque
1200 3981 1315 4072 gram-¹
1399 4023 1405 4032 .

274 4077 414 4143 maticos
436 4075 503 4139 hoc
523 4071 682 4160 loquendi
705 4093 805 4168 genus
829 4083 1000 4161 tamquam
1016 4072 1200 4160 legitimum
1213 4093 1315 4159 prae-

275 4164 416 4252 cepisse,
441 4160 537 4224 sicuti
552 4159 630 4224 lecit
646 4158 895 4238 Quinctilianus.
906 4167 939 4242 t,
958 4164 996 4243 5,
1011 4155 1079 4239 38,
1097 4165 1246 4222 oratores
1262 4168 1316 4223 ta-
