<?xml version="1.0" encoding="UTF-8"?>
<!DOCTYPE html PUBLIC "-//W3C//DTD XHTML 1.0 Transitional//EN"
    "http://www.w3.org/TR/xhtml1/DTD/xhtml1-transitional.dtd">
<html xmlns="http://www.w3.org/1999/xhtml" xml:lang="en" lang="en">
 <head>
  <title>
</title>
<meta http-equiv="Content-Type" content="text/html;charset=utf-8" />
  <meta name='ocr-system' content='tesseract 3.04.00' />
  <meta name='ocr-capabilities' content='ocr_page ocr_carea ocr_par ocr_line ocrx_word'/>
</head>
<body>
  <div class='ocr_page' id='page_1' title='image "./ferdinandihandi01handgoog_0034.png"; bbox 0 0 2826 4750; ppageno 0'>
   <div class='ocr_carea' id='block_1_1' title="bbox 17 611 27 910">
    <p class='ocr_par' dir='ltr' id='par_1_1' title="bbox 17 611 27 910">
     <span class='ocr_line' id='line_1_1' title="bbox 17 611 27 736; baseline 0 0"><span class='ocrx_word' id='word_1_1' title='bbox 17 611 27 736; x_wconf 82' lang='lat' dir='ltr'><strong>l</strong></span> 
     </span>
     <span class='ocr_line' id='line_1_2' title="bbox 17 803 21 910; baseline 0 0"><span class='ocrx_word' id='word_1_2' title='bbox 17 803 21 910; x_wconf 80' lang='lat' dir='ltr'><strong>t</strong></span> 
     </span>
    </p>
   </div>
   <div class='ocr_carea' id='block_1_2' title="bbox 465 301 1142 436">
    <p class='ocr_par' dir='ltr' id='par_1_2' title="bbox 465 301 1142 436">
     <span class='ocr_line' id='line_1_3' title="bbox 465 301 1142 436; baseline 0.006 -14"><span class='ocrx_word' id='word_1_3' title='bbox 465 358 557 436; x_wconf 68' lang='lat' dir='ltr'><strong>au,</strong></span> <span class='ocrx_word' id='word_1_4' title='bbox 600 356 672 434; x_wconf 84' lang='lat' dir='ltr'><strong>au,</strong></span> <span class='ocrx_word' id='word_1_5' title='bbox 715 301 804 420; x_wconf 72' lang='lat' dir='ltr'><strong>iss</strong></span> <span class='ocrx_word' id='word_1_6' title='bbox 852 327 854 334; x_wconf 82' lang='grc'><strong>’</strong></span> <span class='ocrx_word' id='word_1_7' title='bbox 1121 367 1142 426; x_wconf 80' lang='lat' dir='ltr'><strong>s</strong></span> 
     </span>
    </p>
   </div>
   <div class='ocr_carea' id='block_1_3' title="bbox 99 487 1145 1109">
    <p class='ocr_par' dir='ltr' id='par_1_3' title="bbox 113 487 1142 657">
     <span class='ocr_line' id='line_1_4' title="bbox 113 487 1142 657; baseline 0.001 -82"><span class='ocrx_word' id='word_1_8' title='bbox 113 502 135 512; x_wconf 68' lang='grc'>”</span> <span class='ocrx_word' id='word_1_9' title='bbox 187 509 277 575; x_wconf 88' lang='lat' dir='ltr'><strong>Haec</strong></span> <span class='ocrx_word' id='word_1_10' title='bbox 290 497 383 580; x_wconf 67' lang='lat' dir='ltr'><strong>&#39;uero</strong></span> <span class='ocrx_word' id='word_1_11' title='bbox 400 509 509 574; x_wconf 90' lang='lat' dir='ltr'><strong>omnia</strong></span> <span class='ocrx_word' id='word_1_12' title='bbox 527 529 629 596; x_wconf 89' lang='lat' dir='ltr'><strong>quum</strong></span> <span class='ocrx_word' id='word_1_13' title='bbox 648 517 786 596; x_wconf 86' lang='lat' dir='ltr'><strong>cognata</strong></span> <span class='ocrx_word' id='word_1_14' title='bbox 803 509 868 572; x_wconf 86' lang='lat' dir='ltr'><strong>sint</strong></span> <span class='ocrx_word' id='word_1_15' title='bbox 883 519 916 573; x_wconf 87' lang='lat' dir='ltr'><strong>et</strong></span> <span class='ocrx_word' id='word_1_16' title='bbox 930 487 1026 657; x_wconf 39' lang='lat' dir='ltr'><strong>Qus</strong></span> <span class='ocrx_word' id='word_1_17' title='bbox 1041 515 1142 600; x_wconf 82' lang='lat' dir='ltr'><strong>origi-</strong></span> 
     </span>
    </p>

    <p class='ocr_par' dir='ltr' id='par_1_4' title="bbox 99 593 1145 1109">
     <span class='ocr_line' id='line_1_5' title="bbox 99 593 1144 678; baseline 0.004 -19"><span class='ocrx_word' id='word_1_18' title='bbox 99 597 161 676; x_wconf 73' lang='lat' dir='ltr'><strong>niS,</strong></span> <span class='ocrx_word' id='word_1_19' title='bbox 184 620 225 660; x_wconf 88' lang='lat' dir='ltr'><strong>ea</strong></span> <span class='ocrx_word' id='word_1_20' title='bbox 241 597 329 659; x_wconf 88' lang='lat' dir='ltr'><strong>inter</strong></span> <span class='ocrx_word' id='word_1_21' title='bbox 345 606 461 658; x_wconf 87' lang='lat' dir='ltr'><strong>setam</strong></span> <span class='ocrx_word' id='word_1_22' title='bbox 480 593 685 676; x_wconf 80' lang='lat' dir='ltr'><strong>familiariter</strong></span> <span class='ocrx_word' id='word_1_23' title='bbox 702 604 824 658; x_wconf 82' lang='lat' dir='ltr'><strong>coeunt</strong></span> <span class='ocrx_word' id='word_1_24' title='bbox 843 613 880 658; x_wconf 87' lang='lat' dir='ltr'><strong>ac</strong></span> <span class='ocrx_word' id='word_1_25' title='bbox 897 617 938 658; x_wconf 92' lang='lat' dir='ltr'><strong>eo</strong></span> <span class='ocrx_word' id='word_1_26' title='bbox 966 608 1084 678; x_wconf 78' lang='lat' dir='ltr'><strong>serent,</strong></span> <span class='ocrx_word' id='word_1_27' title='bbox 1107 609 1144 662; x_wconf 83' lang='lat' dir='ltr'><strong>ut</strong></span> 
     </span>
     <span class='ocr_line' id='line_1_6' title="bbox 103 679 1142 766; baseline -0.001 -22"><span class='ocrx_word' id='word_1_28' title='bbox 103 683 216 746; x_wconf 80' lang='lat' dir='ltr'><strong>maritis</strong></span> <span class='ocrx_word' id='word_1_29' title='bbox 238 681 272 744; x_wconf 92' lang='lat' dir='ltr'><strong>in</strong></span> <span class='ocrx_word' id='word_1_30' title='bbox 296 680 457 760; x_wconf 83' lang='lat' dir='ltr'><strong>exemplis</strong></span> <span class='ocrx_word' id='word_1_31' title='bbox 472 679 607 766; x_wconf 77' lang='lat' dir='ltr'><strong>dubium</strong></span> <span class='ocrx_word' id='word_1_32' title='bbox 627 680 685 756; x_wconf 82' lang='lat' dir='ltr'><strong>sit,</strong></span> <span class='ocrx_word' id='word_1_33' title='bbox 718 701 777 744; x_wconf 90' lang='lat' dir='ltr'><strong>nee</strong></span> <span class='ocrx_word' id='word_1_34' title='bbox 797 702 998 766; x_wconf 80' lang='lat' dir='ltr'><strong>magnopere</strong></span> <span class='ocrx_word' id='word_1_35' title='bbox 1014 681 1142 761; x_wconf 77' lang='lat' dir='ltr'><strong>reserat,</strong></span> 
     </span>
     <span class='ocr_line' id='line_1_7' title="bbox 102 764 1143 845; baseline 0.003 -17"><span class='ocrx_word' id='word_1_36' title='bbox 102 765 296 830; x_wconf 61' lang='lat' dir='ltr'><strong>ntmm&#39;hoc</strong></span> <span class='ocrx_word' id='word_1_37' title='bbox 313 787 355 828; x_wconf 87' lang='lat' dir='ltr'><strong>an</strong></span> <span class='ocrx_word' id='word_1_38' title='bbox 372 765 428 828; x_wconf 92' lang='lat' dir='ltr'><strong>illo</strong></span> <span class='ocrx_word' id='word_1_39' title='bbox 443 766 579 830; x_wconf 90' lang='lat' dir='ltr'><strong>nomine</strong></span> <span class='ocrx_word' id='word_1_40' title='bbox 594 764 758 830; x_wconf 86' lang='lat' dir='ltr'><strong>rationem</strong></span> <span class='ocrx_word' id='word_1_41' title='bbox 769 787 843 828; x_wconf 84' lang='lat' dir='ltr'><strong>corn</strong></span> <span class='ocrx_word' id='word_1_42' title='bbox 870 765 1048 845; x_wconf 80' lang='lat' dir='ltr'><strong>rehendas3</strong></span> <span class='ocrx_word' id='word_1_43' title='bbox 1074 769 1143 832; x_wconf 90' lang='lat' dir='ltr'><strong>vel-</strong></span> 
     </span>
     <span class='ocr_line' id='line_1_8' title="bbox 102 849 1145 938; baseline 0.002 -24"><span class='ocrx_word' id='word_1_44' title='bbox 102 854 148 915; x_wconf 88' lang='lat' dir='ltr'><strong>uti</strong></span> <span class='ocrx_word' id='word_1_45' title='bbox 160 861 322 926; x_wconf 75' lang='lat' dir='ltr'><strong>caussam</strong></span> <span class='ocrx_word' id='word_1_46' title='bbox 338 850 517 938; x_wconf 74' lang='lat' dir='ltr'><strong>intelliges,</strong></span> <span class='ocrx_word' id='word_1_47' title='bbox 541 851 598 914; x_wconf 93' lang='lat' dir='ltr'><strong>ubi</strong></span> <span class='ocrx_word' id='word_1_48' title='bbox 614 849 667 914; x_wconf 80' lang='lat' dir='ltr'><strong>atti</strong></span> <span class='ocrx_word' id='word_1_49' title='bbox 681 871 753 912; x_wconf 91' lang='lat' dir='ltr'><strong>rem</strong></span> <span class='ocrx_word' id='word_1_50' title='bbox 773 871 815 913; x_wconf 85' lang='lat' dir='ltr'><strong>cx</strong></span> <span class='ocrx_word' id='word_1_51' title='bbox 860 849 935 935; x_wconf 75' lang='lat' dir='ltr'><strong>iapua</strong></span> <span class='ocrx_word' id='word_1_52' title='bbox 949 863 1043 937; x_wconf 86' lang='lat' dir='ltr'><strong>parte</strong></span> <span class='ocrx_word' id='word_1_53' title='bbox 1061 875 1145 916; x_wconf 89' lang='lat' dir='ltr'><strong>con·</strong></span> 
     </span>
     <span class='ocr_line' id='line_1_9' title="bbox 103 935 1144 1019; baseline 0.005 -21"><span class='ocrx_word' id='word_1_54' title='bbox 103 937 313 1000; x_wconf 72' lang='lat' dir='ltr'><strong>siderandum</strong></span> <span class='ocrx_word' id='word_1_55' title='bbox 335 936 530 998; x_wconf 83' lang='lat' dir='ltr'><strong>censuerint.</strong></span> <span class='ocrx_word' id='word_1_56' title='bbox 571 935 761 1019; x_wconf 87' lang='lat' dir='ltr'><strong>Utrumque</strong></span> <span class='ocrx_word' id='word_1_57' title='bbox 793 935 879 998; x_wconf 89' lang='lat' dir='ltr'><strong>enim</strong></span> <span class='ocrx_word' id='word_1_58' title='bbox 908 957 1012 1000; x_wconf 89' lang='lat' dir='ltr'><strong>unum</strong></span> <span class='ocrx_word' id='word_1_59' title='bbox 1043 935 1144 1002; x_wconf 84' lang='lat' dir='ltr'><strong>habet</strong></span> 
     </span>
     <span class='ocr_line' id='line_1_10' title="bbox 105 1017 867 1109; baseline -0.004 -24"><span class='ocrx_word' id='word_1_60' title='bbox 105 1017 355 1109; x_wconf 57' lang='lat' dir='ltr'><strong>argumentum,</strong></span> <span class='ocrx_word' id='word_1_61' title='bbox 378 1020 436 1084; x_wconf 90' lang='lat' dir='ltr'><strong>sed</strong></span> <span class='ocrx_word' id='word_1_62' title='bbox 453 1021 577 1084; x_wconf 86' lang='lat' dir='ltr'><strong>diversa</strong></span> <span class='ocrx_word' id='word_1_63' title='bbox 593 1029 641 1084; x_wconf 87' lang='lat' dir='ltr'><strong>est</strong></span> <span class='ocrx_word' id='word_1_64' title='bbox 655 1021 723 1100; x_wconf 89' lang='lat' dir='ltr'><strong>eius</strong></span> <span class='ocrx_word' id='word_1_65' title='bbox 739 1018 867 1083; x_wconf 87' lang='lat' dir='ltr'><strong>relatio.</strong></span> 
     </span>
    </p>
   </div>
   <div class='ocr_carea' id='block_1_4' title="bbox 103 1144 1215 2340">
    <p class='ocr_par' dir='ltr' id='par_1_5' title="bbox 103 1144 1215 2340">
     <span class='ocr_line' id='line_1_11' title="bbox 184 1144 1144 1234; baseline 0 -22"><span class='ocrx_word' id='word_1_66' title='bbox 184 1147 335 1212; x_wconf 86' lang='lat' dir='ltr'><strong>Plurima</strong></span> <span class='ocrx_word' id='word_1_67' title='bbox 351 1155 480 1226; x_wconf 68' lang='lat' dir='ltr'><strong>alitem,</strong></span> <span class='ocrx_word' id='word_1_68' title='bbox 513 1167 596 1230; x_wconf 85' lang='lat' dir='ltr'><strong>quae</strong></span> <span class='ocrx_word' id='word_1_69' title='bbox 611 1144 855 1234; x_wconf 73' lang='lat' dir='ltr'><strong>praepositione</strong></span> <span class='ocrx_word' id='word_1_70' title='bbox 872 1144 932 1210; x_wconf 89' lang='lat' dir='ltr'><strong>hae</strong></span> <span class='ocrx_word' id='word_1_71' title='bbox 949 1149 1144 1234; x_wconf 85' lang='lat' dir='ltr'><strong>exprimun-</strong></span> 
     </span>
     <span class='ocr_line' id='line_1_12' title="bbox 107 1227 1215 1320; baseline 0.002 -26"><span class='ocrx_word' id='word_1_72' title='bbox 107 1245 166 1314; x_wconf 76' lang='lat' dir='ltr'><strong>tur,</strong></span> <span class='ocrx_word' id='word_1_73' title='bbox 189 1233 291 1296; x_wconf 88' lang='lat' dir='ltr'><strong>etiam</strong></span> <span class='ocrx_word' id='word_1_74' title='bbox 306 1230 450 1316; x_wconf 88' lang='lat' dir='ltr'><strong>simplici</strong></span> <span class='ocrx_word' id='word_1_75' title='bbox 467 1227 598 1296; x_wconf 87' lang='lat' dir='ltr'><strong>ablativi</strong></span> <span class='ocrx_word' id='word_1_76' title='bbox 613 1253 706 1308; x_wconf 85' lang='lat' dir='ltr'><strong>casu,</strong></span> <span class='ocrx_word' id='word_1_77' title='bbox 737 1231 787 1294; x_wconf 92' lang='lat' dir='ltr'><strong>cui</strong></span> <span class='ocrx_word' id='word_1_78' title='bbox 804 1231 937 1316; x_wconf 86' lang='lat' dir='ltr'><strong>quidem</strong></span> <span class='ocrx_word' id='word_1_79' title='bbox 952 1228 1143 1320; x_wconf 82' lang='lat' dir='ltr'><strong>significatio</strong></span> <span class='ocrx_word' id='word_1_80' title='bbox 1212 1265 1215 1277; x_wconf 48' lang='grc' dir='ltr'><strong><em>ι</em></strong></span> 
     </span>
     <span class='ocr_line' id='line_1_13' title="bbox 106 1313 1143 1406; baseline 0.002 -26"><span class='ocrx_word' id='word_1_81' title='bbox 106 1318 224 1406; x_wconf 79' lang='lat' dir='ltr'><strong>incepti</strong></span> <span class='ocrx_word' id='word_1_82' title='bbox 241 1327 354 1380; x_wconf 85' lang='lat' dir='ltr'><strong>metus</strong></span> <span class='ocrx_word' id='word_1_83' title='bbox 372 1327 405 1380; x_wconf 90' lang='lat' dir='ltr'><strong>et</strong></span> <span class='ocrx_word' id='word_1_84' title='bbox 423 1313 615 1381; x_wconf 85' lang='lat' dir='ltr'><strong>efficientiae</strong></span> <span class='ocrx_word' id='word_1_85' title='bbox 635 1325 666 1382; x_wconf 87' lang='lat' dir='ltr'><strong>et</strong></span> <span class='ocrx_word' id='word_1_86' title='bbox 680 1315 882 1380; x_wconf 74' lang='lat' dir='ltr'><strong>liberationis</strong></span> <span class='ocrx_word' id='word_1_87' title='bbox 903 1319 1065 1398; x_wconf 84' lang='lat' dir='ltr'><strong>convenit,</strong></span> <span class='ocrx_word' id='word_1_88' title='bbox 1091 1319 1143 1382; x_wconf 90' lang='lat' dir='ltr'><strong>di-</strong></span> 
     </span>
     <span class='ocr_line' id='line_1_14' title="bbox 108 1401 1145 1488; baseline 0.003 -23"><span class='ocrx_word' id='word_1_89' title='bbox 108 1405 134 1465; x_wconf 92' lang='lat' dir='ltr'><strong>ci</strong></span> <span class='ocrx_word' id='word_1_90' title='bbox 172 1423 272 1482; x_wconf 85' lang='lat' dir='ltr'><strong>osse,</strong></span> <span class='ocrx_word' id='word_1_91' title='bbox 293 1402 336 1488; x_wconf 83' lang='lat' dir='ltr'><strong>¹id</strong></span> <span class='ocrx_word' id='word_1_92' title='bbox 378 1402 560 1468; x_wconf 80' lang='lat' dir='ltr'><strong>inminatici</strong></span> <span class='ocrx_word' id='word_1_93' title='bbox 575 1402 821 1481; x_wconf 89' lang='lat' dir='ltr'><strong>demonstrant,</strong></span> <span class='ocrx_word' id='word_1_94' title='bbox 855 1401 904 1466; x_wconf 86' lang='lat' dir='ltr'><strong>vel</strong></span> <span class='ocrx_word' id='word_1_95' title='bbox 920 1402 1145 1468; x_wconf 86' lang='lat' dir='ltr'><strong>demonstrare</strong></span> 
     </span>
     <span class='ocr_line' id='line_1_15' title="bbox 107 1485 1144 1575; baseline 0.002 -25"><span class='ocrx_word' id='word_1_96' title='bbox 107 1489 142 1552; x_wconf 89' lang='lat' dir='ltr'><strong>dc</strong></span> <span class='ocrx_word' id='word_1_97' title='bbox 188 1497 301 1554; x_wconf 69' lang='lat' dir='ltr'><strong>erunts</strong></span> <span class='ocrx_word' id='word_1_98' title='bbox 376 1507 412 1550; x_wconf 91' lang='lat' dir='ltr'><strong>ee</strong></span> <span class='ocrx_word' id='word_1_99' title='bbox 439 1487 611 1573; x_wconf 89' lang='lat' dir='ltr'><strong>quisquam</strong></span> <span class='ocrx_word' id='word_1_100' title='bbox 634 1509 722 1552; x_wconf 91' lang='lat' dir='ltr'><strong>nuno</strong></span> <span class='ocrx_word' id='word_1_101' title='bbox 749 1485 908 1575; x_wconf 87' lang='lat' dir='ltr'><strong>deellipsi</strong></span> <span class='ocrx_word' id='word_1_102' title='bbox 923 1489 1144 1575; x_wconf 88' lang='lat' dir='ltr'><strong>praepositio-</strong></span> 
     </span>
     <span class='ocr_line' id='line_1_16' title="bbox 105 1571 1145 1660; baseline 0 -24"><span class='ocrx_word' id='word_1_103' title='bbox 105 1573 151 1636; x_wconf 89' lang='lat' dir='ltr'><strong>nis</strong></span> <span class='ocrx_word' id='word_1_104' title='bbox 178 1571 358 1658; x_wconf 84' lang='lat' dir='ltr'><strong>cogitabit,</strong></span> <span class='ocrx_word' id='word_1_105' title='bbox 387 1571 447 1638; x_wconf 89' lang='lat' dir='ltr'><strong>hac</strong></span> <span class='ocrx_word' id='word_1_106' title='bbox 471 1595 508 1636; x_wconf 89' lang='lat' dir='ltr'><strong>re</strong></span> <span class='ocrx_word' id='word_1_107' title='bbox 532 1571 570 1636; x_wconf 86' lang='lat' dir='ltr'><strong>ab</strong></span> <span class='ocrx_word' id='word_1_108' title='bbox 595 1573 786 1636; x_wconf 78' lang='lat' dir='ltr'><strong>Hermanno</strong></span> <span class='ocrx_word' id='word_1_109' title='bbox 813 1581 844 1636; x_wconf 89' lang='lat' dir='ltr'><strong>et</strong></span> <span class='ocrx_word' id='word_1_110' title='bbox 864 1573 988 1660; x_wconf 66' lang='lat' dir='ltr'><strong>alraliis</strong></span> <span class='ocrx_word' id='word_1_111' title='bbox 1008 1583 1084 1636; x_wconf 83' lang='lat' dir='ltr'><strong>satis</strong></span> <span class='ocrx_word' id='word_1_112' title='bbox 1101 1572 1145 1636; x_wconf 87' lang='lat' dir='ltr'><strong>il-</strong></span> 
     </span>
     <span class='ocr_line' id='line_1_17' title="bbox 104 1651 1145 1744; baseline -0.001 -22"><span class='ocrx_word' id='word_1_113' title='bbox 104 1659 251 1722; x_wconf 86' lang='lat' dir='ltr'><strong>lustrata.</strong></span> <span class='ocrx_word' id='word_1_114' title='bbox 274 1655 434 1720; x_wconf 83' lang='lat' dir='ltr'><strong>Nostrum</strong></span> <span class='ocrx_word' id='word_1_115' title='bbox 450 1656 511 1722; x_wconf 86' lang='lat' dir='ltr'><strong>erit</strong></span> <span class='ocrx_word' id='word_1_116' title='bbox 527 1651 675 1722; x_wconf 85' lang='lat' dir='ltr'><strong>officium</strong></span> <span class='ocrx_word' id='word_1_117' title='bbox 692 1657 850 1744; x_wconf 80' lang='lat' dir='ltr'><strong>exemplis</strong></span> <span class='ocrx_word' id='word_1_118' title='bbox 869 1657 1023 1736; x_wconf 89' lang='lat' dir='ltr'><strong>indicare,</strong></span> <span class='ocrx_word' id='word_1_119' title='bbox 1040 1676 1145 1743; x_wconf 78' lang='lat' dir='ltr'><strong>altarin-</strong></span> 
     </span>
     <span class='ocr_line' id='line_1_18' title="bbox 104 1740 1145 1834; baseline 0.001 -29"><span class='ocrx_word' id='word_1_120' title='bbox 104 1755 174 1806; x_wconf 91' lang='lat' dir='ltr'><strong>tum</strong></span> <span class='ocrx_word' id='word_1_121' title='bbox 201 1740 390 1834; x_wconf 79' lang='lat' dir='ltr'><strong>pateathie</strong></span> <span class='ocrx_word' id='word_1_122' title='bbox 412 1763 507 1820; x_wconf 87' lang='lat' dir='ltr'><strong>usus,</strong></span> <span class='ocrx_word' id='word_1_123' title='bbox 537 1753 569 1806; x_wconf 89' lang='lat' dir='ltr'><strong>et</strong></span> <span class='ocrx_word' id='word_1_124' title='bbox 590 1765 674 1828; x_wconf 85' lang='lat' dir='ltr'><strong>quae</strong></span> <span class='ocrx_word' id='word_1_125' title='bbox 701 1743 859 1806; x_wconf 86' lang='lat' dir='ltr'><strong>dictiones</strong></span> <span class='ocrx_word' id='word_1_126' title='bbox 875 1755 1052 1828; x_wconf 80' lang='lat' dir='ltr'><strong>utriunque</strong></span> <span class='ocrx_word' id='word_1_127' title='bbox 1067 1766 1145 1806; x_wconf 89' lang='lat' dir='ltr'><strong>mo-</strong></span> 
     </span>
     <span class='ocr_line' id='line_1_19' title="bbox 106 1827 1146 1914; baseline 0.001 -23"><span class='ocrx_word' id='word_1_128' title='bbox 106 1829 184 1892; x_wconf 89' lang='lat' dir='ltr'><strong>dum</strong></span> <span class='ocrx_word' id='word_1_129' title='bbox 210 1827 404 1907; x_wconf 86' lang='lat' dir='ltr'><strong>admittant,</strong></span> <span class='ocrx_word' id='word_1_130' title='bbox 444 1848 565 1912; x_wconf 65' lang='lat' dir='ltr'><strong>quaese</strong></span> <span class='ocrx_word' id='word_1_131' title='bbox 595 1850 726 1913; x_wconf 86' lang='lat' dir='ltr'><strong>semper</strong></span> <span class='ocrx_word' id='word_1_132' title='bbox 748 1829 1028 1914; x_wconf 85' lang='lat' dir='ltr'><strong>praepositionem</strong></span> <span class='ocrx_word' id='word_1_133' title='bbox 1055 1829 1146 1892; x_wconf 87' lang='lat' dir='ltr'><strong>inse</strong></span> 
     </span>
     <span class='ocr_line' id='line_1_20' title="bbox 106 1911 1143 2011; baseline -0.004 -34"><span class='ocrx_word' id='word_1_134' title='bbox 106 1914 274 2011; x_wconf 55' lang='lat' dir='ltr'><strong>recipiunt„</strong></span> <span class='ocrx_word' id='word_1_135' title='bbox 317 1911 402 1976; x_wconf 91' lang='lat' dir='ltr'><strong>Nam</strong></span> <span class='ocrx_word' id='word_1_136' title='bbox 419 1912 640 2007; x_wconf 68' lang='lat' dir='ltr'><strong>praepositio,</strong></span> <span class='ocrx_word' id='word_1_137' title='bbox 663 1911 903 2006; x_wconf 25' lang='lat' dir='ltr'><strong>quaenaliquam</strong></span> <span class='ocrx_word' id='word_1_138' title='bbox 921 1911 1143 1974; x_wconf 89' lang='lat' dir='ltr'><strong>conditionem</strong></span> 
     </span>
     <span class='ocr_line' id='line_1_21' title="bbox 103 1994 1146 2082; baseline 0 -22"><span class='ocrx_word' id='word_1_139' title='bbox 103 1996 288 2062; x_wconf 75' lang='lat' dir='ltr'><strong>&#39;districtius</strong></span> <span class='ocrx_word' id='word_1_140' title='bbox 305 2007 417 2071; x_wconf 81' lang='lat' dir='ltr'><strong>notat,</strong></span> <span class='ocrx_word' id='word_1_141' title='bbox 449 1995 559 2059; x_wconf 84' lang='lat' dir='ltr'><strong>omitti</strong></span> <span class='ocrx_word' id='word_1_142' title='bbox 581 1996 646 2059; x_wconf 89' lang='lat' dir='ltr'><strong>sive</strong></span> <span class='ocrx_word' id='word_1_143' title='bbox 663 2017 733 2058; x_wconf 87' lang='lat' dir='ltr'><strong>non</strong></span> <span class='ocrx_word' id='word_1_144' title='bbox 752 1994 826 2058; x_wconf 85' lang='lat' dir='ltr'><strong>addi</strong></span> <span class='ocrx_word' id='word_1_145' title='bbox 843 2005 968 2082; x_wconf 78' lang='lat' dir='ltr'><strong>potest,</strong></span> <span class='ocrx_word' id='word_1_146' title='bbox 992 1995 1046 2057; x_wconf 93' lang='lat' dir='ltr'><strong>ubi</strong></span> <span class='ocrx_word' id='word_1_147' title='bbox 1065 1995 1146 2060; x_wconf 86' lang='lat' dir='ltr'><strong>sirn-</strong></span> 
     </span>
     <span class='ocr_line' id='line_1_22' title="bbox 105 2080 1147 2176; baseline -0.001 -30"><span class='ocrx_word' id='word_1_148' title='bbox 105 2085 200 2176; x_wconf 88' lang='lat' dir='ltr'><strong>plicis</strong></span> <span class='ocrx_word' id='word_1_149' title='bbox 224 2082 362 2166; x_wconf 85' lang='lat' dir='ltr'><strong>ablativi¹</strong></span> <span class='ocrx_word' id='word_1_150' title='bbox 379 2083 426 2148; x_wconf 85' lang='lat' dir='ltr'><strong>vis</strong></span> <span class='ocrx_word' id='word_1_151' title='bbox 454 2081 494 2145; x_wconf 91' lang='lat' dir='ltr'><strong>ad</strong></span> <span class='ocrx_word' id='word_1_152' title='bbox 520 2080 785 2169; x_wconf 83' lang='lat' dir='ltr'><strong>perspicuitatem</strong></span> <span class='ocrx_word' id='word_1_153' title='bbox 811 2091 843 2165; x_wconf 77' lang='lat' dir='ltr'><strong>et</strong></span> <span class='ocrx_word' id='word_1_154' title='bbox 859 2081 1049 2168; x_wconf 83' lang='lat' dir='ltr'><strong>gravitatem</strong></span> <span class='ocrx_word' id='word_1_155' title='bbox 1069 2101 1147 2145; x_wconf 83' lang='lat' dir='ltr'><strong>oru-</strong></span> 
     </span>
     <span class='ocr_line' id='line_1_23' title="bbox 107 2165 1147 2240; baseline -0.004 -8"><span class='ocrx_word' id='word_1_156' title='bbox 107 2170 205 2232; x_wconf 89' lang='lat' dir='ltr'><strong>tionis</strong></span> <span class='ocrx_word' id='word_1_157' title='bbox 228 2167 361 2231; x_wconf 83' lang='lat' dir='ltr'><strong>suffieit.</strong></span> <span class='ocrx_word' id='word_1_158' title='bbox 397 2165 546 2232; x_wconf 76' lang='lat' dir='ltr'><strong>Plurima</strong></span> <span class='ocrx_word' id='word_1_159' title='bbox 571 2177 680 2240; x_wconf 86' lang='lat' dir='ltr'><strong>tamen</strong></span> <span class='ocrx_word' id='word_1_160' title='bbox 692 2185 759 2230; x_wconf 49' lang='lat' dir='ltr'><strong>»usu</strong></span> <span class='ocrx_word' id='word_1_161' title='bbox 776 2165 954 2232; x_wconf 87' lang='lat' dir='ltr'><strong>constituta</strong></span> <span class='ocrx_word' id='word_1_162' title='bbox 970 2176 1003 2229; x_wconf 89' lang='lat' dir='ltr'><strong>et</strong></span> <span class='ocrx_word' id='word_1_163' title='bbox 1021 2174 1147 2228; x_wconf 85' lang='lat' dir='ltr'><strong>servata</strong></span> 
     </span>
     <span class='ocr_line' id='line_1_24' title="bbox 109 2252 687 2340; baseline -0.007 -23"><span class='ocrx_word' id='word_1_164' title='bbox 109 2266 191 2338; x_wconf 89' lang='lat' dir='ltr'><strong>sunt,</strong></span> <span class='ocrx_word' id='word_1_165' title='bbox 212 2276 281 2318; x_wconf 90' lang='lat' dir='ltr'><strong>non</strong></span> <span class='ocrx_word' id='word_1_166' title='bbox 301 2269 433 2340; x_wconf 82' lang='lat' dir='ltr'><strong>semper</strong></span> <span class='ocrx_word' id='word_1_167' title='bbox 448 2263 534 2318; x_wconf 87' lang='lat' dir='ltr'><strong>certa</strong></span> <span class='ocrx_word' id='word_1_168' title='bbox 549 2252 687 2316; x_wconf 87' lang='lat' dir='ltr'><strong>ratione.</strong></span> 
     </span>
    </p>
   </div>
   <div class='ocr_carea' id='block_1_5' title="bbox 107 2377 1149 2618">
    <p class='ocr_par' dir='ltr' id='par_1_6' title="bbox 107 2377 1149 2618">
     <span class='ocr_line' id='line_1_25' title="bbox 173 2377 1146 2464; baseline -0.006 -16"><span class='ocrx_word' id='word_1_169' title='bbox 173 2381 212 2448; x_wconf 90' lang='grc' dir='ltr'><strong>Ἰ.</strong></span> <span class='ocrx_word' id='word_1_170' title='bbox 231 2401 258 2446; x_wconf 89' lang='lat'><strong>1.</strong></span> <span class='ocrx_word' id='word_1_171' title='bbox 278 2387 312 2445; x_wconf 82' lang='lat'><strong>1:</strong></span> <span class='ocrx_word' id='word_1_172' title='bbox 338 2380 468 2444; x_wconf 89' lang='lat' dir='ltr'><strong>Dicitur</strong></span> <span class='ocrx_word' id='word_1_173' title='bbox 486 2379 497 2442; x_wconf 93' lang='lat' dir='ltr'><strong>i</strong></span> <span class='ocrx_word' id='word_1_174' title='bbox 520 2379 587 2452; x_wconf 83' lang='lat' dir='ltr'><strong>itur</strong></span> <span class='ocrx_word' id='word_1_175' title='bbox 607 2397 651 2444; x_wconf 77' lang='grc' dir='ltr'><strong>ΑΒ</strong></span> <span class='ocrx_word' id='word_1_176' title='bbox 668 2377 708 2442; x_wconf 87' lang='lat' dir='ltr'><strong>de</strong></span> <span class='ocrx_word' id='word_1_177' title='bbox 724 2378 812 2458; x_wconf 91' lang='lat' dir='ltr'><strong>loco,</strong></span> <span class='ocrx_word' id='word_1_178' title='bbox 829 2377 916 2442; x_wconf 90' lang='lat' dir='ltr'><strong>unde</strong></span> <span class='ocrx_word' id='word_1_179' title='bbox 933 2378 1054 2464; x_wconf 90' lang='lat' dir='ltr'><strong>aliquid</strong></span> <span class='ocrx_word' id='word_1_180' title='bbox 1068 2379 1146 2459; x_wconf 84' lang='lat' dir='ltr'><strong>exit,</strong></span> 
     </span>
     <span class='ocr_line' id='line_1_26' title="bbox 107 2403 1149 2557; baseline -0.001 -27"><span class='ocrx_word' id='word_1_181' title='bbox 107 2467 348 2553; x_wconf 80' lang='lat' dir='ltr'><strong>proficiscitur,</strong></span> <span class='ocrx_word' id='word_1_182' title='bbox 372 2403 601 2554; x_wconf 75' lang='lat' dir='ltr'><strong>progreditur,</strong></span> <span class='ocrx_word' id='word_1_183' title='bbox 631 2464 698 2557; x_wconf 75' lang='lat' dir='ltr'><strong>sive</strong></span> <span class='ocrx_word' id='word_1_184' title='bbox 714 2464 771 2528; x_wconf 89' lang='lat' dir='ltr'><strong>ubi</strong></span> <span class='ocrx_word' id='word_1_185' title='bbox 791 2463 949 2529; x_wconf 86' lang='lat' dir='ltr'><strong>discessus</strong></span> <span class='ocrx_word' id='word_1_186' title='bbox 966 2475 1102 2528; x_wconf 89' lang='lat' dir='ltr'><strong>notatur</strong></span> <span class='ocrx_word' id='word_1_187' title='bbox 1117 2474 1149 2529; x_wconf 88' lang='lat' dir='ltr'><strong>et</strong></span> 
     </span>
     <span class='ocr_line' id='line_1_27' title="bbox 110 2549 1147 2618; baseline -0.002 -4"><span class='ocrx_word' id='word_1_188' title='bbox 110 2565 229 2618; x_wconf 89' lang='lat' dir='ltr'><strong>motus.</strong></span> <span class='ocrx_word' id='word_1_189' title='bbox 276 2550 489 2616; x_wconf 85' lang='lat' dir='ltr'><strong>Contrarium</strong></span> <span class='ocrx_word' id='word_1_190' title='bbox 513 2550 626 2614; x_wconf 84' lang='lat' dir='ltr'><strong>estin.</strong></span> <span class='ocrx_word' id='word_1_191' title='bbox 670 2550 740 2613; x_wconf 90' lang='lat' dir='ltr'><strong>Nos</strong></span> <span class='ocrx_word' id='word_1_192' title='bbox 759 2549 898 2615; x_wconf 86' lang='lat' dir='ltr'><strong>dicimus</strong></span> <span class='ocrx_word' id='word_1_193' title='bbox 916 2572 994 2612; x_wconf 79' lang='lat' dir='ltr'><strong>von.</strong></span> <span class='ocrx_word' id='word_1_194' title='bbox 1033 2549 1147 2614; x_wconf 89' lang='lat' dir='ltr'><strong>Graeci</strong></span> 
     </span>
    </p>
   </div>
   <div class='ocr_carea' id='block_1_6' title="bbox 34 2633 1148 2722">
    <p class='ocr_par' dir='ltr' id='par_1_7' title="bbox 34 2633 1148 2722">
     <span class='ocr_line' id='line_1_28' title="bbox 34 2633 1148 2722; baseline 0.002 -26"><span class='ocrx_word' id='word_1_195' title='bbox 34 2645 38 2662; x_wconf 78' lang='lat'><em>&#39;</em></span> <span class='ocrx_word' id='word_1_196' title='bbox 107 2633 164 2716; x_wconf 68' lang='lat' dir='ltr'><strong>⁸clad</strong></span> <span class='ocrx_word' id='word_1_197' title='bbox 197 2646 399 2710; x_wconf 82' lang='lat' dir='ltr'><strong>construunt</strong></span> <span class='ocrx_word' id='word_1_198' title='bbox 427 2655 502 2700; x_wconf 90' lang='lat' dir='ltr'><strong>eum</strong></span> <span class='ocrx_word' id='word_1_199' title='bbox 526 2634 687 2722; x_wconf 84' lang='lat' dir='ltr'><strong>genitivo,</strong></span> <span class='ocrx_word' id='word_1_200' title='bbox 720 2634 895 2722; x_wconf 88' lang='lat' dir='ltr'><strong>quoniam,</strong></span> <span class='ocrx_word' id='word_1_201' title='bbox 928 2656 1010 2720; x_wconf 89' lang='lat' dir='ltr'><strong>quae</strong></span> <span class='ocrx_word' id='word_1_202' title='bbox 1041 2635 1148 2698; x_wconf 88' lang='lat' dir='ltr'><strong>Latini</strong></span> 
     </span>
    </p>
   </div>
   <div class='ocr_carea' id='block_1_7' title="bbox 17 2717 1148 2805">
    <p class='ocr_par' dir='ltr' id='par_1_8' title="bbox 17 2717 1148 2805">
     <span class='ocr_line' id='line_1_29' title="bbox 17 2717 1148 2805; baseline -0.002 -21"><span class='ocrx_word' id='word_1_203' title='bbox 17 2749 19 2762; x_wconf 89' lang='lat'><em>·</em></span> <span class='ocrx_word' id='word_1_204' title='bbox 111 2736 217 2788; x_wconf 73' lang='lat' dir='ltr'><strong>arastus</strong></span> <span class='ocrx_word' id='word_1_205' title='bbox 239 2733 270 2786; x_wconf 89' lang='lat' dir='ltr'><strong>et</strong></span> <span class='ocrx_word' id='word_1_206' title='bbox 290 2723 396 2786; x_wconf 83' lang='lat' dir='ltr'><strong>exitus</strong></span> <span class='ocrx_word' id='word_1_207' title='bbox 413 2722 549 2787; x_wconf 85' lang='lat' dir='ltr'><strong>notione</strong></span> <span class='ocrx_word' id='word_1_208' title='bbox 566 2717 872 2805; x_wconf 77' lang='lat' dir='ltr'><strong>comprehendunt,</strong></span> <span class='ocrx_word' id='word_1_209' title='bbox 903 2719 943 2798; x_wconf 78' lang='lat' dir='ltr'><strong>ad</strong></span> <span class='ocrx_word' id='word_1_210' title='bbox 958 2741 1071 2784; x_wconf 85' lang='lat' dir='ltr'><strong>rerum</strong></span> <span class='ocrx_word' id='word_1_211' title='bbox 1088 2720 1148 2782; x_wconf 71' lang='lat' dir='ltr'><strong>co&#39;-</strong></span> 
     </span>
    </p>
   </div>
   <div class='ocr_carea' id='block_1_8' title="bbox 110 2805 499 2876">
    <p class='ocr_par' dir='ltr' id='par_1_9' title="bbox 110 2805 499 2876">
     <span class='ocr_line' id='line_1_30' title="bbox 110 2805 499 2876; baseline 0 -6"><span class='ocrx_word' id='word_1_212' title='bbox 110 2807 309 2876; x_wconf 84' lang='lat' dir='ltr'><strong>haerentiam</strong></span> <span class='ocrx_word' id='word_1_213' title='bbox 327 2805 485 2870; x_wconf 83' lang='lat' dir='ltr'><strong>referunt.</strong></span> <span class='ocrx_word' id='word_1_214' title='bbox 497 2866 499 2870; x_wconf 81' lang='grc'>,</span> 
     </span>
    </p>
   </div>
   <div class='ocr_carea' id='block_1_9' title="bbox 122 2909 1151 3238">
    <p class='ocr_par' dir='ltr' id='par_1_10' title="bbox 208 2909 1149 2981">
     <span class='ocr_line' id='line_1_31' title="bbox 208 2909 1149 2981; baseline -0.004 -11"><span class='ocrx_word' id='word_1_215' title='bbox 208 2921 295 2972; x_wconf 84' lang='lat' dir='ltr'><strong>Plaat.</strong></span> <span class='ocrx_word' id='word_1_216' title='bbox 312 2920 392 2968; x_wconf 88' lang='lat' dir='ltr'><strong>Poen.</strong></span> <span class='ocrx_word' id='word_1_217' title='bbox 407 2919 459 2981; x_wconf 86' lang='lat' dir='ltr'><strong>IV,</strong></span> <span class='ocrx_word' id='word_1_218' title='bbox 475 2915 501 2979; x_wconf 72' lang='grc'><strong>2,</strong></span> <span class='ocrx_word' id='word_1_219' title='bbox 518 2913 576 2966; x_wconf 88' lang='grc'>107.</span> <span class='ocrx_word' id='word_1_220' title='bbox 601 2913 666 2966; x_wconf 83' lang='lat' dir='ltr'><strong>dam</strong></span> <span class='ocrx_word' id='word_1_221' title='bbox 684 2913 762 2968; x_wconf 81' lang='lat' dir='ltr'><strong>herus</strong></span> <span class='ocrx_word' id='word_1_222' title='bbox 779 2911 913 2966; x_wconf 77' lang='lat' dir='ltr'><strong>adueniat</strong></span> <span class='ocrx_word' id='word_1_223' title='bbox 928 2931 946 2964; x_wconf 83' lang='lat' dir='ltr'><strong>a</strong></span> <span class='ocrx_word' id='word_1_224' title='bbox 961 2909 1042 2979; x_wconf 71' lang='lat' dir='ltr'><strong>loro,</strong></span> <span class='ocrx_word' id='word_1_225' title='bbox 1061 2929 1149 2981; x_wconf 77' lang='lat' dir='ltr'><strong>oppa·</strong></span> 
     </span>
    </p>

    <p class='ocr_par' dir='ltr' id='par_1_11' title="bbox 173 2994 1151 3067">
     <span class='ocr_line' id='line_1_32' title="bbox 173 2994 1151 3067; baseline -0.007 -9"><span class='ocrx_word' id='word_1_226' title='bbox 173 3008 233 3058; x_wconf 79' lang='lat' dir='ltr'><strong>riar</strong></span> <span class='ocrx_word' id='word_1_227' title='bbox 253 3003 340 3058; x_wconf 76' lang='lat' dir='ltr'><strong>docti.</strong></span> <span class='ocrx_word' id='word_1_228' title='bbox 355 3001 410 3052; x_wconf 82' lang='lat' dir='ltr'><strong>cic.</strong></span> <span class='ocrx_word' id='word_1_229' title='bbox 426 3001 460 3053; x_wconf 82' lang='lat' dir='ltr'><strong>ad</strong></span> <span class='ocrx_word' id='word_1_230' title='bbox 474 3000 554 3052; x_wconf 76' lang='lat' dir='ltr'><strong>Attio.</strong></span> <span class='ocrx_word' id='word_1_231' title='bbox 570 2997 597 3062; x_wconf 87' lang='grc'><strong>7,</strong></span> <span class='ocrx_word' id='word_1_232' title='bbox 611 2997 654 3050; x_wconf 75' lang='lat'><strong>21.</strong></span> <span class='ocrx_word' id='word_1_233' title='bbox 676 2997 786 3049; x_wconf 82' lang='lat' dir='ltr'><strong>mittam</strong></span> <span class='ocrx_word' id='word_1_234' title='bbox 800 2997 870 3061; x_wconf 79' lang='lat' dir='ltr'><strong>itta,</strong></span> <span class='ocrx_word' id='word_1_235' title='bbox 882 2995 983 3067; x_wconf 74' lang='lat' dir='ltr'><strong>jugam</strong></span> <span class='ocrx_word' id='word_1_236' title='bbox 1001 2995 1045 3050; x_wconf 80' lang='lat' dir='ltr'><strong>ab</strong></span> <span class='ocrx_word' id='word_1_237' title='bbox 1066 2994 1151 3051; x_wconf 76' lang='lat' dir='ltr'><strong>urbo</strong></span> 
     </span>
    </p>

    <p class='ocr_par' dir='ltr' id='par_1_12' title="bbox 122 3081 1150 3238">
     <span class='ocr_line' id='line_1_33' title="bbox 122 3081 1150 3158; baseline -0.012 -15"><span class='ocrx_word' id='word_1_238' title='bbox 122 3099 127 3105; x_wconf 87' lang='lat'>&#39;</span> <span class='ocrx_word' id='word_1_239' title='bbox 173 3091 383 3158; x_wconf 85' lang='lat' dir='ltr'><strong>turpissimum,</strong></span> <span class='ocrx_word' id='word_1_240' title='bbox 402 3085 593 3140; x_wconf 84' lang='lat' dir='ltr'><strong>timidissimas</strong></span> <span class='ocrx_word' id='word_1_241' title='bbox 611 3085 646 3136; x_wconf 82' lang='lat' dir='ltr'><strong>in</strong></span> <span class='ocrx_word' id='word_1_242' title='bbox 664 3081 822 3152; x_wconf 77' lang='lat' dir='ltr'><strong>oppidis</strong></span> <span class='ocrx_word' id='word_1_243' title='bbox 840 3084 993 3138; x_wconf 78' lang='lat' dir='ltr'><strong>conciones.</strong></span> <span class='ocrx_word' id='word_1_244' title='bbox 1016 3085 1057 3134; x_wconf 88' lang='lat' dir='ltr'><strong>De</strong></span> <span class='ocrx_word' id='word_1_245' title='bbox 1073 3083 1150 3134; x_wconf 84' lang='lat' dir='ltr'><strong>effic.</strong></span> 
     </span>
     <span class='ocr_line' id='line_1_34' title="bbox 173 3167 893 3238; baseline -0.015 -10"><span class='ocrx_word' id='word_1_246' title='bbox 173 3175 196 3228; x_wconf 76' lang='lat' dir='ltr'><strong>S.</strong></span> <span class='ocrx_word' id='word_1_247' title='bbox 217 3175 263 3238; x_wconf 74' lang='lat'><strong>20,</strong></span> <span class='ocrx_word' id='word_1_248' title='bbox 281 3171 323 3224; x_wconf 86' lang='lat'><strong>8⁰.</strong></span> <span class='ocrx_word' id='word_1_249' title='bbox 342 3173 457 3228; x_wconf 85' lang='lat' dir='ltr'><strong>Marius</strong></span> <span class='ocrx_word' id='word_1_250' title='bbox 471 3191 489 3224; x_wconf 89' lang='lat' dir='ltr'><strong>a</strong></span> <span class='ocrx_word' id='word_1_251' title='bbox 505 3167 645 3238; x_wconf 68' lang='lat' dir='ltr'><strong>subselliis</strong></span> <span class='ocrx_word' id='word_1_252' title='bbox 662 3171 692 3220; x_wconf 85' lang='lat' dir='ltr'><strong>in</strong></span> <span class='ocrx_word' id='word_1_253' title='bbox 705 3177 795 3220; x_wconf 83' lang='lat' dir='ltr'><strong>rostra</strong></span> <span class='ocrx_word' id='word_1_254' title='bbox 809 3177 893 3222; x_wconf 79' lang='lat' dir='ltr'><strong>recta.</strong></span> 
     </span>
    </p>
   </div>
   <div class='ocr_carea' id='block_1_10' title="bbox 112 3267 1151 3528">
    <p class='ocr_par' dir='ltr' id='par_1_13' title="bbox 112 3267 1151 3528">
     <span class='ocr_line' id='line_1_35' title="bbox 134 3267 1151 3361; baseline -0.011 -21"><span class='ocrx_word' id='word_1_255' title='bbox 134 3281 137 3286; x_wconf 68' lang='grc'>“</span> <span class='ocrx_word' id='word_1_256' title='bbox 183 3283 217 3341; x_wconf 79' lang='lat'><strong>2.</strong></span> <span class='ocrx_word' id='word_1_257' title='bbox 236 3269 809 3361; x_wconf 58' lang='lat' dir='ltr'><strong>Dicuntigiturpreetervcrba,1quae</strong></span> <span class='ocrx_word' id='word_1_258' title='bbox 818 3285 893 3331; x_wconf 90' lang='lat' dir='ltr'><strong>cum</strong></span> <span class='ocrx_word' id='word_1_259' title='bbox 902 3268 970 3354; x_wconf 86' lang='lat' dir='ltr'><strong>ipsa</strong></span> <span class='ocrx_word' id='word_1_260' title='bbox 980 3267 1041 3330; x_wconf 91' lang='lat' dir='ltr'><strong>hae</strong></span> <span class='ocrx_word' id='word_1_261' title='bbox 1053 3289 1151 3354; x_wconf 89' lang='lat' dir='ltr'><strong>prae-</strong></span> 
     </span>
     <span class='ocr_line' id='line_1_36' title="bbox 112 3350 1151 3447; baseline -0.007 -24"><span class='ocrx_word' id='word_1_262' title='bbox 112 3363 277 3445; x_wconf 86' lang='lat' dir='ltr'><strong>positione</strong></span> <span class='ocrx_word' id='word_1_263' title='bbox 297 3369 556 3447; x_wconf 84' lang='lat' dir='ltr'><strong>componuntur,</strong></span> <span class='ocrx_word' id='word_1_264' title='bbox 571 3354 745 3428; x_wconf 79' lang='lat' dir='ltr'><strong>abducere,</strong></span> <span class='ocrx_word' id='word_1_265' title='bbox 768 3350 920 3440; x_wconf 77' lang='lat' dir='ltr'><strong>arsserre,</strong></span> <span class='ocrx_word' id='word_1_266' title='bbox 941 3351 1151 3424; x_wconf 75' lang='lat' dir='ltr'><strong>abalienare,</strong></span> 
     </span>
     <span class='ocr_line' id='line_1_37' title="bbox 112 3437 1149 3528; baseline -0.008 -20"><span class='ocrx_word' id='word_1_267' title='bbox 112 3448 206 3511; x_wconf 88' lang='lat' dir='ltr'><strong>otiam</strong></span> <span class='ocrx_word' id='word_1_268' title='bbox 225 3443 418 3525; x_wconf 75' lang='lat' dir='ltr'><strong>discedere,</strong></span> <span class='ocrx_word' id='word_1_269' title='bbox 443 3443 658 3528; x_wconf 76' lang='lat' dir='ltr'><strong>disiungere,</strong></span> <span class='ocrx_word' id='word_1_270' title='bbox 690 3437 855 3522; x_wconf 79' lang='lat' dir='ltr'><strong>depellere</strong></span> <span class='ocrx_word' id='word_1_271' title='bbox 875 3437 917 3501; x_wconf 86' lang='lat' dir='ltr'><strong>ab</strong></span> <span class='ocrx_word' id='word_1_272' title='bbox 932 3437 1105 3526; x_wconf 72' lang='lat' dir='ltr'><strong>aliquare</strong></span> <span class='ocrx_word' id='word_1_273' title='bbox 1121 3447 1149 3500; x_wconf 89' lang='lat' dir='ltr'><strong>et</strong></span> 
     </span>
    </p>
   </div>
   <div class='ocr_carea' id='block_1_11' title="bbox 114 3522 1395 3624">
    <p class='ocr_par' dir='ltr' id='par_1_14' title="bbox 114 3522 1395 3624">
     <span class='ocr_line' id='line_1_38' title="bbox 114 3522 1395 3624; baseline -0.007 -32"><span class='ocrx_word' id='word_1_274' title='bbox 114 3533 168 3594; x_wconf 63' lang='lat' dir='ltr'><strong>tilia</strong></span> <span class='ocrx_word' id='word_1_275' title='bbox 196 3533 297 3596; x_wconf 90' lang='lat' dir='ltr'><strong>huius</strong></span> <span class='ocrx_word' id='word_1_276' title='bbox 320 3531 462 3616; x_wconf 86' lang='lat' dir='ltr'><strong>generis,</strong></span> <span class='ocrx_word' id='word_1_277' title='bbox 507 3548 651 3614; x_wconf 81' lang='lat' dir='ltr'><strong>quorunn</strong></span> <span class='ocrx_word' id='word_1_278' title='bbox 677 3523 827 3614; x_wconf 72' lang='lat' dir='ltr'><strong>exempla</strong></span> <span class='ocrx_word' id='word_1_279' title='bbox 855 3523 962 3586; x_wconf 78' lang='lat' dir='ltr'><strong>textas</strong></span> <span class='ocrx_word' id='word_1_280' title='bbox 974 3522 1151 3614; x_wconf 80' lang='lat' dir='ltr'><strong>exhibent.</strong></span> <span class='ocrx_word' id='word_1_281' title='bbox 1225 3609 1227 3616; x_wconf 18' lang='lat' dir='ltr'>y</span> <span class='ocrx_word' id='word_1_282' title='bbox 1326 3575 1331 3585; x_wconf 82' lang='grc'><strong>.</strong></span> <span class='ocrx_word' id='word_1_283' title='bbox 1394 3541 1395 3624; x_wconf 31' lang='grc' dir='ltr'>ζ</span> 
     </span>
    </p>
   </div>
   <div class='ocr_carea' id='block_1_12' title="bbox 112 3609 972 3706">
    <p class='ocr_par' dir='ltr' id='par_1_15' title="bbox 112 3609 972 3706">
     <span class='ocr_line' id='line_1_39' title="bbox 112 3609 972 3706; baseline -0.01 -29"><span class='ocrx_word' id='word_1_284' title='bbox 112 3617 283 3682; x_wconf 83' lang='lat' dir='ltr'><strong>Notandus</strong></span> <span class='ocrx_word' id='word_1_285' title='bbox 313 3615 547 3693; x_wconf 79' lang='lat' dir='ltr'><strong>certe-uidetur</strong></span> <span class='ocrx_word' id='word_1_286' title='bbox 568 3631 645 3674; x_wconf 91' lang='lat' dir='ltr'><strong>usus</strong></span> <span class='ocrx_word' id='word_1_287' title='bbox 662 3610 694 3672; x_wconf 92' lang='lat' dir='ltr'><strong>in</strong></span> <span class='ocrx_word' id='word_1_288' title='bbox 713 3609 934 3706; x_wconf 53' lang='lat' dir='ltr'><strong>metaphoras</strong></span> <span class='ocrx_word' id='word_1_289' title='bbox 971 3612 972 3618; x_wconf 78' lang='grc'>’</span> 
     </span>
    </p>
   </div>
   <div class='ocr_carea' id='block_1_13' title="bbox 166 3725 1263 3804">
    <p class='ocr_par' dir='ltr' id='par_1_16' title="bbox 166 3725 1263 3804">
     <span class='ocr_line' id='line_1_40' title="bbox 166 3725 1263 3804; baseline -0.007 -15"><span class='ocrx_word' id='word_1_290' title='bbox 166 3767 168 3770; x_wconf 95' lang='grc'>-</span> <span class='ocrx_word' id='word_1_291' title='bbox 210 3738 331 3788; x_wconf 82' lang='lat' dir='ltr'><strong>Lucanus</strong></span> <span class='ocrx_word' id='word_1_292' title='bbox 357 3735 388 3800; x_wconf 88' lang='lat'><strong>5,</strong></span> <span class='ocrx_word' id='word_1_293' title='bbox 411 3733 470 3788; x_wconf 75' lang='lat'><strong>261.</strong></span> <span class='ocrx_word' id='word_1_294' title='bbox 499 3730 582 3788; x_wconf 81' lang='lat' dir='ltr'><strong>liceat</strong></span> <span class='ocrx_word' id='word_1_295' title='bbox 605 3727 769 3796; x_wconf 64' lang='lat' dir='ltr'><strong>discedere,</strong></span> <span class='ocrx_word' id='word_1_296' title='bbox 798 3728 913 3791; x_wconf 84' lang='lat' dir='ltr'><strong>Caesar,</strong></span> <span class='ocrx_word' id='word_1_297' title='bbox 933 3725 1075 3804; x_wconf 68' lang='lat' dir='ltr'><strong>‘aradis</strong></span> <span class='ocrx_word' id='word_1_298' title='bbox 1097 3745 1153 3782; x_wconf 78' lang='lat' dir='ltr'><strong>sce·</strong></span> <span class='ocrx_word' id='word_1_299' title='bbox 1251 3753 1263 3770; x_wconf 61' lang='grc' dir='ltr'><em>ι</em></span> 
     </span>
    </p>
   </div>
   <div class='ocr_carea' id='block_1_14' title="bbox 179 3821 1152 3978">
    <p class='ocr_par' dir='ltr' id='par_1_17' title="bbox 179 3821 1152 3978">
     <span class='ocr_line' id='line_1_41' title="bbox 179 3821 1152 3978; baseline -0.015 -19"><span class='ocrx_word' id='word_1_300' title='bbox 179 3821 326 3978; x_wconf 48' lang='lat' dir='ltr'><strong>ierliliijiora</strong></span> <span class='ocrx_word' id='word_1_301' title='bbox 341 3907 401 3954; x_wconf 80' lang='lat' dir='ltr'><strong>sunt</strong></span> <span class='ocrx_word' id='word_1_302' title='bbox 417 3901 535 3970; x_wconf 82' lang='lat' dir='ltr'><strong>exempla</strong></span> <span class='ocrx_word' id='word_1_303' title='bbox 553 3899 624 3950; x_wconf 83' lang='lat' dir='ltr'><strong>verbi</strong></span> <span class='ocrx_word' id='word_1_304' title='bbox 641 3897 777 3952; x_wconf 70' lang='lat' dir='ltr'><strong>adcredere.</strong></span> <span class='ocrx_word' id='word_1_305' title='bbox 813 3899 867 3949; x_wconf 84' lang='lat' dir='ltr'><strong>(lio.</strong></span> <span class='ocrx_word' id='word_1_306' title='bbox 884 3915 933 3966; x_wconf 87' lang='lat' dir='ltr'><strong>pro</strong></span> <span class='ocrx_word' id='word_1_307' title='bbox 942 3899 1035 3948; x_wconf 86' lang='lat' dir='ltr'><strong>Flacco</strong></span> <span class='ocrx_word' id='word_1_308' title='bbox 1053 3893 1094 3956; x_wconf 74' lang='lat'><strong>12,</strong></span> <span class='ocrx_word' id='word_1_309' title='bbox 1108 3891 1152 3946; x_wconf 68' lang='lat'><strong>27.</strong></span> 
     </span>
    </p>
   </div>
   <div class='ocr_carea' id='block_1_15' title="bbox 165 3979 1232 4274">
    <p class='ocr_par' dir='ltr' id='par_1_18' title="bbox 179 3979 1232 4063">
     <span class='ocr_line' id='line_1_42' title="bbox 179 3979 1232 4063; baseline -0.009 -21"><span class='ocrx_word' id='word_1_310' title='bbox 179 3981 260 4062; x_wconf 74' lang='lat' dir='ltr'><strong>purim</strong></span> <span class='ocrx_word' id='word_1_311' title='bbox 277 3988 387 4058; x_wconf 79' lang='lat' dir='ltr'><strong>quidem</strong></span> <span class='ocrx_word' id='word_1_312' title='bbox 405 3985 475 4040; x_wconf 74' lang='lat' dir='ltr'><strong>sitit</strong></span> <span class='ocrx_word' id='word_1_313' title='bbox 498 4007 516 4063; x_wconf 71' lang='lat' dir='ltr'><strong>a</strong></span> <span class='ocrx_word' id='word_1_314' title='bbox 540 3981 932 4057; x_wconf 64' lang='lat' dir='ltr'><strong>superioribusaoarinaoruas</strong></span> <span class='ocrx_word' id='word_1_315' title='bbox 953 3999 1087 4033; x_wconf 70' lang='lat' dir='ltr'><strong>annosam</strong></span> <span class='ocrx_word' id='word_1_316' title='bbox 1107 3979 1154 4034; x_wconf 77' lang='lat' dir='ltr'><strong>dc·</strong></span> <span class='ocrx_word' id='word_1_317' title='bbox 1228 4047 1232 4054; x_wconf 32' lang='grc' dir='ltr'><strong><em>Ι</em></strong></span> 
     </span>
    </p>

    <p class='ocr_par' dir='ltr' id='par_1_19' title="bbox 165 4061 1153 4274">
     <span class='ocr_line' id='line_1_43' title="bbox 165 4061 1152 4140; baseline -0.011 -14"><span class='ocrx_word' id='word_1_318' title='bbox 165 4077 261 4127; x_wconf 62' lang='lat' dir='ltr'><strong>*cretis</strong></span> <span class='ocrx_word' id='word_1_319' title='bbox 279 4071 424 4129; x_wconf 77' lang='lat' dir='ltr'><strong>decesserit</strong></span> <span class='ocrx_word' id='word_1_320' title='bbox 440 4073 573 4140; x_wconf 73' lang='lat' dir='ltr'><strong>(senatus).</strong></span> <span class='ocrx_word' id='word_1_321' title='bbox 597 4070 697 4119; x_wconf 62' lang='lat' dir='ltr'><strong>vLivius</strong></span> <span class='ocrx_word' id='word_1_322' title='bbox 713 4069 764 4132; x_wconf 80' lang='grc'><strong>36,</strong></span> <span class='ocrx_word' id='word_1_323' title='bbox 779 4065 829 4130; x_wconf 69' lang='grc'><strong>22,</strong></span> <span class='ocrx_word' id='word_1_324' title='bbox 845 4065 871 4117; x_wconf 75' lang='grc'><strong>2.</strong></span> <span class='ocrx_word' id='word_1_325' title='bbox 891 4070 966 4119; x_wconf 79' lang='lat' dir='ltr'><strong>atrius</strong></span> <span class='ocrx_word' id='word_1_326' title='bbox 984 4064 1094 4136; x_wconf 79' lang='lat' dir='ltr'><strong>fiducia</strong></span> <span class='ocrx_word' id='word_1_327' title='bbox 1116 4061 1152 4115; x_wconf 73' lang='lat' dir='ltr'><strong>als</strong></span> 
     </span>
     <span class='ocr_line' id='line_1_44' title="bbox 182 4147 1153 4233; baseline -0.013 -22"><span class='ocrx_word' id='word_1_328' title='bbox 182 4160 282 4232; x_wconf 68' lang='lat' dir='ltr'><strong>atficio</strong></span> <span class='ocrx_word' id='word_1_329' title='bbox 300 4159 498 4218; x_wconf 68' lang='lat' dir='ltr'><strong>decessissentt</strong></span> <span class='ocrx_word' id='word_1_330' title='bbox 519 4157 562 4208; x_wconf 91' lang='lat' dir='ltr'><strong>nbi</strong></span> <span class='ocrx_word' id='word_1_331' title='bbox 576 4154 753 4233; x_wconf 77' lang='lat' dir='ltr'><strong>emendarunt</strong></span> <span class='ocrx_word' id='word_1_332' title='bbox 770 4152 870 4226; x_wconf 71' lang='lat' dir='ltr'><strong>officio</strong></span> <span class='ocrx_word' id='word_1_333' title='bbox 892 4153 1081 4207; x_wconf 75' lang='lat' dir='ltr'><strong>decessissent.</strong></span> <span class='ocrx_word' id='word_1_334' title='bbox 1099 4147 1153 4200; x_wconf 83' lang='lat' dir='ltr'><strong>sid.</strong></span> 
     </span>
     <span class='ocr_line' id='line_1_45' title="bbox 191 4241 968 4274; baseline -0.012 0"><span class='ocrx_word' id='word_1_335' title='bbox 191 4270 197 4274; x_wconf 93' lang='lat'><em>.</em></span> <span class='ocrx_word' id='word_1_336' title='bbox 376 4245 388 4266; x_wconf 56' lang='grc' dir='ltr'>ὓ</span> <span class='ocrx_word' id='word_1_337' title='bbox 733 4251 734 4254; x_wconf 70' lang='grc'>’</span> <span class='ocrx_word' id='word_1_338' title='bbox 758 4241 760 4244; x_wconf 71' lang='grc'>’</span> <span class='ocrx_word' id='word_1_339' title='bbox 962 4256 968 4265; x_wconf 73' lang='grc'><em>,</em></span> 
     </span>
    </p>
   </div>
   <div class='ocr_carea' id='block_1_16' title="bbox 689 4331 779 4388">
    <p class='ocr_par' dir='ltr' id='par_1_20' title="bbox 689 4331 779 4388">
     <span class='ocr_line' id='line_1_46' title="bbox 689 4331 779 4388; baseline 0 -13"><span class='ocrx_word' id='word_1_340' title='bbox 689 4331 779 4388; x_wconf 60' lang='grc' dir='ltr'><strong>γη</strong></span> 
     </span>
    </p>
   </div>
   <div class='ocr_carea' id='block_1_17' title="bbox 0 0 1436 4750">
    <p class='ocr_par' dir='ltr' id='par_1_21' title="bbox 0 0 1436 4750">
     <span class='ocr_line' id='line_1_47' title="bbox 0 0 1436 4750; baseline 0 0"><span class='ocrx_word' id='word_1_341' title='bbox 0 0 1436 4750; x_wconf 95' lang='lat' dir='ltr'><strong> </strong></span> 
     </span>
    </p>
   </div>
  </div>
 </body>
</html>
