2834 4756
494 340 756 458 sursovsn.
903 277 912 296 ⁸
971 397 1007 444 .,
1081 351 1148 416 sor

108 504 222 582 Fuluri
239 502 395 590 simplicis
417 499 547 567 nullum
564 509 716 566 notatum
738 496 845 566 habeo
867 499 1057 591 exemplum
1073 527 1147 571 cer·-

107 603 192 656 tum.
233 591 318 654 Nam
342 588 433 674 quod
456 610 499 652 ex
522 585 689 652 Ciceronis
703 586 846 673 Philipp.
872 592 909 670 1,
933 595 963 651 1.
985 590 1166 657 afferunta'
1240 639 1242 646 ·

11 745 14 750 ,
110 689 293 764 antequam
316 673 357 737 cle
379 671 552 762 republica
576 672 691 736 dicum
712 695 772 746 eu,
802 680 890 758 quoe
915 671 1063 742 dicenda
1085 677 1149 742 hoc

95 775 258 848 'tempore
283 757 449 839 arbitror,
478 779 643 844 exponam
658 755 746 822 uobis
761 756 1093 825 lrreoilercousilinm
1114 773 1149 828 et

102 846 328 936 profectionis
356 856 388 909 et
412 841 616 911 reversionis
636 864 744 906 meae.
774 864 928 928 praesens
953 856 1020 920 est,
1052 847 1149 914 utin

108 933 243 1020 reliquis
262 933 330 994 Cic.
348 931 382 993 in
402 930 495 994 Verr.
518 934 557 1004 2,
582 933 618 1008 1,
639 933 670 993 2.
695 938 876 1014 antequam
897 928 939 994 de
959 931 1151 997 incommo-

111 1017 166 1083 dis
181 1016 323 1081 Siciliae
337 1014 425 1078 dico.
469 1013 581 1078 Parad.
599 1017 637 1091 0,
663 1017 699 1088 1„
722 1014 774 1076 45.
794 1033 977 1098 numquam
997 1017 1064 1081 eris
1090 1017 1149 1085 di-

110 1123 184 1182 ues,
205 1112 387 1186 antequam
408 1099 471 1164 tibi
491 1123 532 1164 ex
547 1097 614 1163 tuis
626 1096 894 1183 possessionibus
908 1110 1044 1166 tuntum
1065 1099 1151 1190 refi-

112 1189 246 1266 ciatur,
280 1197 374 1250 uteo
398 1185 486 1251 tueri
508 1208 565 1250 seer
587 1183 738 1270 legiones
760 1217 802 1230 -
824 1184 947 1268 possis.
988 1185 1152 1254 Futurum

112 1283 263 1420 exactuffi
278 1272 432 1358 ponitur,
457 1269 524 1338 sive
546 1268 696 1335 futurum
717 1265 878 1355 simplex,
907 1267 976 1346 sive,
996 1291 1151 1358 praesens

109 1380 226 1447 praece
252 1358 285 1419 't.
318 1405 322 1414 ,
396 1383 400 1390 ·
652 1389 655 1396 ·
690 1365 693 1370 ’

224 1495 279 1546 Cic.
299 1491 452 1560 adAtt.5,
470 1488 513 1545 14.
537 1501 686 1565 antequam
709 1489 804 1566 aliquo
828 1488 891 1547 loco
911 1490 1076 1559 consedere,
1106 1514 1153 1550 ne·
1199 1551 1204 1558 ,

179 1599 231 1652 qne
246 1579 345 1650 longas
368 1597 386 1632 a
403 1567 460 1642 nit,
479 1595 565 1649 neque
583 1593 692 1647 semper
708 1589 769 1631 rnen
783 1595 866 1630 manu
883 1576 992 1632 litteras
1009 1591 1153 1650 exspecta-
1185 1603 1188 1622 ι

182 1663 232 1718 bis.
267 1665 299 1716 de
326 1667 399 1714 Orat.
421 1662 453 1723 8,
473 1661 525 1727 36,
553 1657 613 1716 145.
636 1661 724 1733 neque
751 1658 934 1735 defatigabor
949 1672 1041 1738 sonte,
1069 1681 1153 1734 quom

182 1746 297 1802 illorum
316 1750 453 1818 ancipites
469 1750 532 1800 uias
551 1750 725 1817 rationesque
746 1756 775 1798 et
795 1764 846 1816 pro
866 1743 994 1802 omnibus
1012 1757 1040 1800 et
1055 1757 1155 1801 eontm
1212 1763 1214 1769 ’

184 1835 276 1886 omnia
295 1830 460 1902 disputandi
473 1848 632 1901 percepero.
667 1830 701 1882 ad
715 1832 786 1882 Fam.
805 1830 855 1893 10,
875 1819 965 1897 16,‘6.
989 1831 1046 1884 Liv.
1063 1831 1107 1899 22,
1124 1831 1153 1893 8,

184 1915 226 1969 10.
252 1935 300 1969 nee
325 1926 390 1969 ante
416 1932 468 1969 nos
493 1912 558 1969 hino
582 1919 764 1980 mouerimus,
780 1933 861 1987 qnam
878 1939 912 1954 ·-
933 1916 962 1970 G·
986 1915 1156 1971 Flaminium

181 1998 217 2052 ab
236 2001 347 2054 Arretio
364 2011 458 2072 patres
481 1998 657 2055 adsciverint.
691 1999 785 2068 Virgil.
803 2003 868 2051 Aen.
885 1997 920 2064 6,
941 1999 1000 2052 140.
1024 2000 1074 2054 sed
1097 1995 1157 2054 non
1243 2015 1247 2024 ‘

182 2095 249 2140 ante
266 2084 350 2137 darier
369 2084 477 2139 telluris
497 2095 596 2155 operta
613 2083 723 2151 subire,
751 2088 908 2140 auricomos
929 2079 1012 2158 quam
1030 2085 1157 2158 quiade.

182 2167 430 2242 serpseritarlrore
440 2165 553 2242 foetus.

190 2291 232 2361 ,9.
253 2287 419 2352 Demadis
429 2287 653 2354 construendis
666 2286 798 2374 antiqua
814 2297 891 2352 sunt
906 2308 1023 2375 praece
1047 2288 1156 2353 taSo-

115 2371 231 2459 sipatri
248 2373 385 2438 Charisii
400 2380 524 2461 pros.
539 2396 621 2461 quae
637 2374 751 2438 eadem
777 2372 862 2460 apud
886 2374 1007 2438 Diome
1031 2395 1086 2438 em
1103 2374 1156 2440 le-

115 2468 241 2557 guntur
263 2481 297 2546 p.
321 2463 395 2524 389.
415 2472 599 2547 antequam
620 2459 721 2524 modo
742 2451 918 2545 finitivis,
949 2459 1050 2523 modo
1075 2459 1178 2544 suli-x

59 2557 66 2566 '
115 2544 274 2608 eunctiois
302 2544 460 2631 iungitur
487 2557 609 2610 contra
636 2567 678 2610 ac
700 2545 865 2630 superius.
923 2545 1044 2628 (Antea
1067 2546 1158 2610 enim

116 2627 288 2706 docuerat,
314 2641 497 2717 postquam
528 2632 655 2718 quoties
680 2629 829 2694 iunctum
852 2630 1050 2716 accipiatur,
1081 2653 1158 2698 eum

117 2711 264 2795 finitiva,
309 2715 410 2780 uoties
425 2725 611 2780 secernatur
628 2726 708 2801 post
730 2736 842 2804 quam,
857 2734 931 2779 eum
949 2715 1157 2782 subiunctivo

119 2737 305 2888 componiil
329 2800 484 2864 Iunctum
499 2799 728 2878 srtbiunctiuis,
751 2811 789 2862 ut
806 2811 990 2886 antequam
1005 2800 1159 2882 uenisset,

118 2883 213 2948 elixi:
236 2884 441 2950 disiunctum
458 2882 622 2972 finitivis,
651 2895 688 2947 ut
711 2882 806 2970 apud
834 2882 1045 2970 Virgilium,
1077 2898 1160 2951 onte

111 2968 231 3057 pudor
247 2993 347 3067 quom
361 2982 394 3036 te
412 2970 509 3034 violo.
558 2968 744 3034 Priscianus
761 2979 873 3034 tamen
886 2983 921 3032 ‘et
942 2967 1160 3038 codicesnon

118 3057 217 3142 pauci
247 3078 283 3119 m
311 3055 439 3142 Virgilii
472 3055 550 3118 loco
574 3053 730 3120 exhibent
755 3054 1002 3132 coniunctivum
1028 3055 1160 3122 oiolem.

51 3147 76 3158 ”
119 3139 187 3204 vid.
215 3139 355 3204 Pieriam
383 3151 415 3204 et
436 3139 617 3204 Heinsium.
659 3139 796 3213 Linaoer
819 3138 859 3206 tle
880 3137 1019 3204 Emend.
1043 3151 1159 3206 strum.

119 3247 156 3311 p.
174 3227 237 3290 352
252 3235 285 3290 et
302 3225 470 3314 Seyferlus
486 3226 634 3290 Gramm.
651 3224 693 3289 T.
711 3227 742 3290 5.
762 3237 797 3312 p.
811 3229 886 3310 281.
908 3225 1060 3313 exempla
1075 3249 1160 3292 con·
1244 3296 1248 3304 s
1272 3263 1274 3273 ι
1311 3301 1317 3314 ,

85 3322 91 3328 ’
120 3309 423 3379 trariu'attulerunt.
454 3311 519 3375 Sed
533 3309 612 3376 illud
630 3309 792 3398 sosipatri
828 3333 920 3375 rasse
945 3322 1018 3374 tum
1031 3315 1161 3377 ratione

106 3405 276 3460 nontam
293 3396 495 3478 destituitur,
525 3417 625 3481 quam
640 3396 693 3478 id,
719 3417 785 3481 quo
833 3418 910 3461 eae
951 3397 1052 3472 citur,
1083 3418 1162 3464 cum
1208 3429 1211 3436 ·

120 3479 248 3552 ratione
274 3481 346 3568 ipsa
370 3480 594 3547 confunditur.
642 3478 837 3547 Indicativus
864 3483 953 3547 enim
971 3493 1166 3578 usurpatur,-

111 3564 226 3652 *quum
242 3589 294 3630 res
308 3570 444 3654 ponitur
459 3577 563 3649 certa,
587 3588 670 3654 quae
691 3565 761 3631 fere
776 3565 985 3654 intelligitur,
1009 3567 1065 3631 ubi
1082 3591 1162 3656 gra-

122 3652 215 3716 viore
229 3652 261 3717 vi
276 3652 314 3727 in·
327 3652 516 3719 adverbium
536 3664 617 3717 unte
639 3651 800 3717 collocata
824 3663 910 3716 certa
931 3662 1082 3739 tempora
1108 3653 1163 3718 di-

122 3736 345 3824 stinguuntur.
397 3741 508 3818 Quare
527 3738 694 3803 disiunctis
715 3737 884 3812 vocabulis
905 3747 986 3801 ante
1002 3773 1045 3786 -
1059 3760 1162 3824 quom

62 3844 65 3852 ’
147 3821 320 3909 lerumque
342 3822 553 3904 indicativus,
588 3824 780 3910 praesertim
803 3823 987 3922 praesentis
1012 3825 1161 3911 ponitur.

121 3844 189 3972 led
206 3908 378 3988 convenit,
406 3909 597 3993 uniuersum
612 3931 727 3990 usum„
756 3929 812 3995 qur
836 3908 933 3972 etiam
958 3907 1161 3978 adverbum

116 3993 322 4079 priusquam
334 3992 497 4141 peniuet,
515 4016 578 4080 per
593 3995 734 4081 singulas
748 4004 857 4080 partes
879 3995 1095 4078 constituero,
1118 4017 1161 4060 ne

122 4097 200 4140 eum
216 4078 385 4144 nonnulis
401 4078 621 4164 grammaticis
644 4079 751 4144 nostri
770 4091 838 4144 tem
865 4080 931 4144 oris
949 4079 1113 4144 rationem
1128 4091 1162 4146 el

121 4162 300 4264 discrimen
316 4185 482 4252 negemus.
505 4163 581 4232 vul.
594 4165 730 4254 Zumpt.
741 4165 820 4232 576.
840 4101 1120 4256 liselekiuspdl.
1179 4259 1184 4273 ,
