2882 4752
437 395 451 416 κ
565 366 802 438 sumansu.
908 384 911 392 ¹
1065 461 1068 474 ,
1137 373 1197 436 as

223 542 277 585 tenc
298 523 566 597 caustumeloloris,
590 527 694 614 paim
717 543 766 578 uec
785 525 857 608 eatis
875 525 954 595 piam
974 521 1106 581 adversm
1121 543 1197 582 eoro-

226 635 300 679 rem,
320 633 370 668 neo
388 611 540 666 admodum
559 613 588 664 iu
604 611 694 664 virum
709 606 894 678 honorificam
908 608 1002 664 elicuit
1018 613 1130 668 comiter
1146 616 1197 669 eci·

224 699 370 764 saltando,
390 709 421 752 ut
435 693 578 767 fateretur
596 705 647 746 etc.
682 695 736 748 Cic.
753 694 787 746 ab
807 693 930 760 8111114,
950 693 992 746 18.
1183 694 1186 704 '

254 804 340 856 Plaut.
357 801 437 871 Epid.
456 799 481 863 1,
497 797 524 862 2,
544 794 569 850 l.
588 815 644 851 rem
665 794 719 851 tibi
733 815 794 852 snm
811 797 958 869 eloquatur
973 814 1090 863 omnem,
1114 797 1199 858 Clrae·

222 884 334 954 riberie,
355 895 439 958 atque
462 880 613 937 admodum
641 873 769 936 rrceorumx
790 897 943 936 moerorum
969 891 1052 954 atque
1076 903 1199 940 amorum

223 984 359 1026 summam
376 968 499 1026 edictavi
517 965 577 1023 tibi.
595 967 613 1020 i.
631 985 659 1038 q.
678 967 742 1020 setis
757 967 799 1020 rel
813 967 904 1036 plene:
925 963 1107 1040 liinletngliclr,
1125 971 1199 1026 voll-

227 1055 352 1128 etludig,

255 1159 311 1214 (iic.
335 1156 369 1208 ad
393 1155 465 1209 Fam.
488 1149 521 1221 5,
551 1153 600 1223 19,
618 1150 658 1208 2.·
672 1157 768 1229 itaque
788 1172 831 1207 me
854 1163 881 1208 et
907 1157 1062 1223 superiores
1088 1157 1199 1216 litterae

224 1254 291 1297 triae
313 1242 464 1296 admodum
490 1239 705 1294 delectaverunt.
729 1233 886 1303 1111117,
906 1231 949 1294 84.
965 1227 1087 1296 aaran.
1103 1241 1137 1308 t,
1156 1243 1198 1310 1³,

223 1325 266 1380 18.
293 1335 358 1380 nam
379 1339 406 1381 et
431 1323 600 1398 complectar
613 1327 670 1379 eius
689 1319 955 1394 familiarissimos.
973 1327 1022 1397 qui
1039 1345 1081 1380 me
1101 1327 1198 1382 aduro.

225 1414 290 1466 dam
308 1411 448 1483 diligunt,
469 1410 642 1483 nrultumque
666 1427 770 1464 mecam
788 1418 870 1474 suat,
892 1411 964 1474 etin
982 1407 1070 1480 ipsias
1088 1430 1199 1470 cousue-

223 1499 349 1554 tudinem
365 1515 401 1539 *
417 1493 573 1551 insinuabo.

267 1592 366 1652 Ennius
380 1595 448 1670 apud
464 1599 584 1667 Fulgcut.
601 1597 634 1650 de'
650 1595 738 1666 prisco
754 1611 831 1647 serm.
847 1614 874 1666 p.
891 1585 949 1649 175·
966 1598 1197 1672 Munienuragm.

224 1699 250 1755 p.
268 1679 328 1738 888.
348 1681 448 1738 Hesscl.
470 1679 770 1738 lraecanutadmodum
780 1671 942 1752 *fringente
960 1679 1088 1739 nimirum
1099 1705 1198 1742 sesan.

210 1775 310 1826 ,oiavit
328 1769 404 1840 flore
430 1767 537 1823 Liberi.
556 1766 640 1820 Plaut.
662 1768 741 1818 Most.
760 1765 794 1829 8,
816 1765 849 1830 8,
869 1759 927 1818 185.
951 1787 1017 1838 ergo
1035 1771 1148 1826 irridere
1164 1793 1199 1828 ne

224 1855 338 1910 videare
354 1867 381 1910 ct
395 1858 499 1922 gestire
516 1851 677 1912 admodum,
695 1849 756 1904 noli
770 1846 870 1919 facere
887 1855 1052 1906 retentionem
1069 1864 1096 1908 te
1119 1861 1198 1910 carisa

225 1959 262 1995 se.
297 1942 365 1993 Plin.
381 1937 450 1990 nist.
467 1957 492 1989 u.
511 1935 560 2001 80,
578 1933 612 2000 8,
628 1934 654 1987 7.
672 1928 752 1990 baius
769 1929 1012 1990 commanducatae
1027 1951 1122 1990 saccas
1140 1952 1199 1994 sto·

225 2023 322 2079 macho
348 2023 498 2078 arlucodam
518 2019 643 2094 prodest.
667 2019 701 2084 9,
725 2017 776 2085 88,
800 2007 844 2074 68.
867 2005 1009 2073 buccinum
1030 2026 1068 2062 -“
1083 2022 1198 2096 pelagio

158 2169 160 2181 Ι
224 2109 375 2163 admodum
395 2107 546 2182 alligatur,
575 2107 731 2177 nimiaeque
750 2107 810 2158 eius
827 2097 960 2176 nigritiae
985 2105 1223 2163 datxausteritad

225 2205 290 2247 tem.
305 2193 348 2244 ubi
361 2183 509 2244 'Salmasius
521 2195 610 2242 tamen
626 2189 763 2240 naumain
780 2190 894 2241 coniecit
907 2190 1060 2245 admotam.
1092 2195 1199 2248 Sueten.

224 2273 316 2333 'l'iber‘e
341 2277 368 2332 3·
395 2289 465 2352 quae
484 2267 608 2346 familia
632 2287 798 2348 quamquam
819 2273 947 2346 plebeia,
968 2285 1059 2330 tamen
1084 2285 1112 2332 et
1135 2282 1198 2349 ipsa
1283 2300 1286 2311 ¹

223 2363 375 2418 admodum
398 2359 508 2432 floruit.
534 2355 1200 2432 81011118,1,18.γυεινεηιοΜανὶιιεαιιαίε
1270 2408 1280 2416 .

226 2449 379 2503 admodum
408 2451 497 2518 copiis
515 2474 547 2488 —
567 2449 623 2501 iam
636 2440 738 2522 fusum
762 2455 790 2499 et
815 2443 941 2527 saucium
958 2467 1049 2521 regem
1074 2450 1199 2507 adortus.

225 2535 270 2586 nbi
289 2533 426 2588 Salmasius
443 2529 634 2584 restituendum
652 2529 804 2608 putarit-ia
824 2531 946 2588 modum.
1012 2577 1014 2583 .

219 2635 273 2700 ¹4.
318 2631 515 2700 Admodum
544 2623 633 2698 nibil
653 2639 686 2697 et
706 2625 796 2698 uilril
823 2634 1011 2700 admodum
1034 2649 1068 2702 ct
1087 2640 1199 2705 nttllrrs

158 2717 347 2784 admodum
368 2738 463 2806 saepe
485 2719 615 2783 dicitur.
659 2718 723 2782 sod
749 2719 790 2782 de
815 2719 1034 2806 explicatione
1056 2725 1231 2792 multum*

159 2815 209 2869 est
228 2805 442 2894 disputatum.
476 2803 683 2868 Turselliuus
698 2823 800 2888 quum
817 2804 983 2892 duplicem
999 2808 1201 2880 observasset

60 2934 64 2947 ι
157 2905 292 2956 sensum
313 2888 559 2955 nihilomnino
585 2897 617 2952 et
636 2905 723 2974 pene
743 2885 848 2969 nibil,
881 2890 1114 2972 Schwartzius,
1144 2896 1203 2983 illu¹

156 2976 264 3066 priori
282 2974 552 3062 interpretatione
590 2995 703 3037 rorsus
719 2973 857 3056 reiecta,
874 2975 1114 3044 demonstravit
1130 3003 1200 3048 esse

157 3062 192 3124 ei
206 3060 345 3126 modum
360 3071 504 3150 spectes,
526 2991 626 3124 velsi
640 3075 716 3122 cum
739 3058 841 3122 motlo
855 3077 1051 3148 compares,
1077 3060 1109 3129 si
1123 3090 1199 3132 mo·

156 3145 242 3210 dum
256 3145 466 3226 consideres,
487 3144 585 3210 nituit.
627 3142 828 3208 Faccielatus
845 3152 958 3210 autem
994 3147 1135 3216 robabat
1150 3154 1199 3217 al-

159 3241 265 3296 teram
287 3231 539 3320 explicationem
558 3230 714 3307 omnine,
737 3230 830 3316 eique
847 3171 1027 3298 ossentnlus
1044 3234 1070 3298 Ι.
1081 3239 1118 3300 Α.
1134 3238 1201 3301 Er-

157 3317 301 3399 nescius,
325 3329 362 3381 ut
380 3317 524 3382 numeris
545 3316 732 3380 adiunctam
754 3317 968 3404 particulam,
1003 3321 1047 3383 ita
1072 3322 1104 3384 in
1129 3322 1198 3386 aliis

160 3402 462 3466 constructionibus
481 3395 691 3488 modosere,
713 3399 817 3464 modo
843 3405 983 3468 omuino
1005 3397 1198 3490 siguificare,

159 3487 407 3551 demonstravit.
452 3485 663 3552 Gernherdus
687 3485 728 3549 ud
756 3485 823 3548 cia
842 3487 929 3553 Lael.
945 3496 982 3568 4,
1009 3497 1056 3552 16.
1082 3490 1198 3567 discri-

158 3592 238 3637 men
263 3573 453 3659 quaesivisse
475 3572 603 3638 videtur
629 3571 663 3634 in
685 3571 853 3657 positione
875 3569 1044 3649 vocabuli,
1073 3586 1197 3641 vertens
1261 3567 1263 3578 ⁴

159 3656 250 3722 ninit
264 3656 451 3731 admodum
469 3675 530 3746 per
545 3654 650 3720 societ
663 3657 728 3720 wie
743 3656 852 3721 adolete
859 3704 869 3733 ,
905 3657 1092 3723 admodum
1112 3663 1200 3728 nituit
1236 3665 1264 3690 ’”’

157 3765 221 3832 per
233 3765 329 3830 ganz
348 3743 420 3807 trad
434 3765 506 3841 gar
519 3742 640 3807 nicheas
684 3741 803 3806 Omnis
825 3739 906 3808 haee
931 3741 1089 3810 dubitatio
1107 3750 1198 3812 enci-

158 3836 227 3894 tata
242 3839 298 3894 est
310 3829 393 3894 locis
408 3829 576 3893 Ciceronis
599 3827 639 3891 de
655 3826 748 3892 Orat.
772 3831 811 3908 2,
834 3833 874 3910 2¹,
897 3832 929 3896 8.
951 3830 1012 3894 sert
1026 3853 1125 3919 patrem
1142 3831 1198 3898 al-

159 3924 289 3980 ternum
303 3914 457 3994 maltum,
474 3911 562 4011 ptrod
570 3911 705 4000 quidem
715 3924 873 3994 exstaret,
889 3925 922 3979 et
935 3911 974 3978 iti
987 3917 1098 4003 ipsum
1109 3918 1197 3983 ado-

159 3999 302 4077 lescens,
336 3999 426 4064 alter
452 3997 540 4062 acleil
566 3996 753 4062 admodum
775 3989 896 4085 serapti
919 3999 1110 4090 reliquisset
1128 4015 1196 4070 etc.

183 4104 248 4149 uae
257 4095 406 4150 extrema
425 4081 465 4146 de
481 4081 645 4164 Antonio,
667 4083 792 4158 nonde
812 4084 930 4150 Crasso
947 4085 1031 4150 dicta
1047 4099 1141 4153 sunta
1166 4101 1198 4154 et

159 4105 306 4254 8111119,
328 4171 381 4238 85.
403 4187 486 4235 uum
498 4166 608 4255 plane
627 4167 763 4256 quidem
779 4167 969 4259 perfectum
991 4183 1024 4238 et
1041 4175 1097 4264 oui
1111 4175 1200 4240 nibil
