2826 4750
259 343 278 402 6
441 389 443 399 ,
574 320 928 422 ’.(,ΑΒ,166.’

206 505 208 510 ’
259 492 416 562 Burman.
442 491 482 556 ed
496 493 586 578 Virg.
606 499 635 573 1,
650 497 723 573 626,
744 497 865 574 8,130.
909 491 1015 564 6666
1033 495 1247 561 0161161616.
1269 503 1299 570 3,

263 579 404 652 59,136.
437 577 599 663 Exempla
636 579 761 642 litterae
787 598 806 642 7.
835 578 994 665 praebent.
1018 581 1140 646 Hirtius
1168 585 1206 647 B.
1229 581 1299 646 alt.

263 667 315 742 72,
335 663 378 738 ab
398 661 484 732 Zela
501 673 533 726 et
549 663 678 726 Sallust.
697 663 768 749 lug.
787 668 839 743 61,
857 661 946 730 tat
965 661 1090 728 Zama.
1163 737 1165 748 .

364 765 446 826 Quod
462 765 620 824 Goerenzius
644 766 678 815 ad
701 765 755 815 (lic.
776 765 809 816 de
833 765 896 831 Leg.
921 763 1079 828 3,16,35.
1103 769 1252 827 observasse
1274 787 1301 818 ss

331 850 444 910 dixerat,
460 849 570 914 1611666
586 867 739 917 concursum
754 850 865 918 duplicis
880 869 897 900 a
910 849 1009 915 vitare,
1027 851 1139 924 ideoque
1153 851 1188 904 ab
1205 868 1302 920 ponere

329 931 430 996 solere,
446 934 527 988 veluti
542 953 675 1008 generem
689 933 725 996 ab
745 939 832 1005 stirpe
850 935 903 990 Cic·
920 935 953 984 de
969 936 1055 988 Divin.
1069 928 1156 1008 1,12,
1169 937 1211 998 20,
1228 955 1302 990 caas-

330 1038 362 1069 66
379 1015 414 1074 ab
423 1035 452 1070 se
462 1019 491 1068 16
500 1019 589 1086 Pison,
600 1019 643 1087 38,
654 1019 697 1084 92,
707 1021 735 1070 id
745 1002 799 1070 ndu
814 1029 941 1087 perpetuo
956 1038 1003 1070 usn
1018 1032 1137 1073 constare
1151 1023 1206 1089 ipse
1221 1022 1309 1071 intel*

327 1103 393 1160 lesit
412 1103 630 1170 adunaque,
646 1105 671 1157 8.
698 1104 744 1162 nbi
759 1105 837 1155 affert
852 1105 880 1154 in
897 1104 974 1156 (latil.
991 1102 1017 1166 3,
1030 1104 1056 1168 9,
1073 1106 1115 1166 21.
1132 1123 1195 1162 saa
1212 1107 1302 1174 perdi·

242 1190 247 1194 ’
329 1191 375 1250 tis,
393 1189 426 1237 de
440 1190 503 1256 Leg.
516 1187 542 1252 3,
561 1189 587 1254 6,
604 1188 645 1251 14.
658 1201 758 1260 postea
775 1209 796 1258 av
808 1205 919 1257 nzagno.
937 1189 1036 1251 Temen
1053 1189 1119 1240 illud
1130 1191 1304 1257 probaverant

328 1273 463 1338 Moserus,
478 1283 509 1325 61
521 1276 637 1326 Bremius
658 1276 692 1325 ad
709 1259 813 1340 Cornel.
829 1274 916 1324 Dion.
926 1272 950 1335 1,
965 1273 991 1324 2.
1006 1275 1083 1324 rebus
1098 1292 1151 1328 non
1165 1275 1303 1342 diligenter

327 1358 473 1427 perpensis·
506 1361 599 1427 Neque
633 1369 731 1412 certam
759 1359 903 1427 putaverim
929 1373 985 1407 eam
1001 1357 1229 1424 observationem,
1253 1373 1304 1427 qua
1405 1371 1406 1380 ¹

321 1443 489 1515 ¹Goerenzius
504 1443 538 1494 ad
549 1435 603 1494 Cic.
619 1441 828 1510 6161116821,
842 1441 885 1494 72.
909 1441 935 1505 2,
946 1441 989 1505 21,
1001 1441 1043 1514 72.
1059 1443 1093 1496 ad
1110 1435 1224 1505 1166612,
1239 1443 1262 1508 1,
1277 1441 1330 1496 &a

227 1569 232 1590 ,
302 1576 305 1583 ,
322 1524 440 1591 'invenie
454 1530 590 1596 proprium
601 1529 681 1580 fuisse
690 1529 825 1591 Ciceroni,
842 1537 872 1578 ut
886 1543 944 1578 cum
961 1527 1040 1598 verbo
1052 1525 1155 1588 abesse,
1170 1524 1304 1586 abducere

327 1614 498 1680 coniungeret
513 1610 558 1674 ab,
578 1630 632 1663 non
646 1633 674 1668 a.
707 1612 786 1664 Nulla
802 1611 871 1664 enim
890 1611 1046 1680 intelligitur
1063 1611 1143 1674 rati-0,
1165 1611 1249 1660 nullus
1264 1621 1304 1663 est

329 1691 506 1765 exemplorum
525 1701 676 1759 consensus,
708 1698 779 1768 Loca
801 1714 950 1765 apponere,
979 1696 1112 1764 inquibus
1128 1695 1219 1749 Cicere
1234 1697 1302 1750 scri-
1370 1697 1380 1750 .“

236 1805 241 1814 -
328 1782 382 1850 psit
404 1778 500 1850 abesse
523 1800 542 1835 a
565 1791 625 1834 aute
647 1771 835 1834 consonantein
862 1799 916 1832 non
941 1799 1035 1849 operae
1056 1781 1169 1849 pretinm
1192 1782 1302 1837 videtur,
1384 1772 1386 1781 ’

256 1875 258 1878 “
329 1868 438 1932 Magnus
466 1863 610 1918 est'eorum
624 1871 754 1917 numeres.
787 1869 880 1935 Neque
893 1867 922 1916 16
936 1866 1114 1932 geminatione
1125 1869 1302 1938 praepositio-

327 1951 371 2001 nis
388 1951 478 2024 quaeri
492 1961 581 2018 potest
595 1961 681 2002 certus
699 1952 793 2019 aliquis
808 1970 884 2016 usus,
896 1949 936 2002 'de
950 1969 1001 2017 qno
1015 1968 1080 2018 quae
1100 1953 1257 2003 Goerenzius
1271 1956 1304 2008 ad

316 2028 390 2086 libr.
414 2035 447 2095 de
469 2036 527 2085 Fin.
542 2054 568 2104 p.
588 2033 649 2087 273.
669 2035 752 2100 dixit,
783 2055 815 2089 ex
830 2047 907 2106 parte
922 2037 1050 2086 tolluntur
1063 2037 1105 2100 iis,
1123 2051 1188 2104 quae
1205 2058 1231 2106 p.
1246 2037 1304 2090 530.

327 2121 426 2171 docuit.
458 2119 511 2168 Sed
531 2115 560 2168 in
583 2117 699 2185 116664,
719 2120 761 2176 18.
780 2120 823 2181 39.
840 2121 937 2186 legitur
952 2116 1049 2183 abessa
1071 2119 1206 2186 6616166,
1235 2123 1262 2173 16
1276 2121 1305 2190 5,

330 2203 375 2273 31,
402 2203 445 2256 82.
470 2193 579 2255 abesset
602 2222 621 2254 a
638 2203 734 2261 domo.
804 2221 807 2234 ·
1405 2197 1406 2210 ’

307 2289 423 2368 ¹'Non
440 2303 482 2368 ab
501 2327 538 2368 re
565 2304 623 2367 ubi
646 2303 806 2392 significat
821 2325 891 2366 non
909 2303 1050 2368 alienum
1074 2304 1113 2366 66
1129 2327 1184 2382 re,
1214 2317 1304 2374 vete-

261 2412 314 2452 res
337 2391 401 2457 seri
426 2400 515 2461 tores
534 2409 605 2464 666
619 2400 756 2454 utuntur
773 2387 884 2470 forma
900 2412 934 2451 a.
953 2405 954 2412 ¹
978 2389 1079 2467 Quod
1094 2381 1248 2468 Erasinus
1273 2403 1305 2455 61

263 2475 317 2544 alii
339 2413 480 2546 scribere
505 2472 655 2536 solebant
677 2474 736 2538 abs
752 2497 807 2556 re,
838 2473 993 2540 abhorret
1009 2474 1047 2536 ab
1071 2475 1202 2560 antiqua
1218 2499 1303 2538 eon-

262 2560 445 2634 suetudine.
465 2559 574 2637 Etiam
594 2553 629 2620 in
645 2559 784 2647 Apuleio
807 2559 847 2637 de
870 2559 976 2630 doctr.
1000 2559 1125 2628 Platon.
1149 2565 1180 2624 5.
1197 2583 1232 2646 p.
1250 2568 1303 2640 31,
1396 2631 1406 2644 q

261 2649 314 2714 22.
337 2643 602 2723 Elmenhorstius
622 2646 723 2722 edidit
745 2667 813 2716 non
837 2643 881 2707 ab
900 2666 936 2707 re
955 2655 1021 2719 est,
1041 2644 1099 2721 661
1116 2647 1303 2710 Wowerius
1405 2659 1406 2718 t

261 2729 361 2792 habet
377 2729 437 2793 abe
452 2753 499 2802 re,
518 2727 556 2792 In
574 2729 671 2793 Gellii
688 2731 787 2792 Noct.
804 2720 862 2792 stt.
879 2729 928 2809 18,
946 2729 998 2791 14.
1016 2731 1166 2814 antiquae
1184 2731 1304 2794 editio-

97 2863 98 2866 .
140 2843 141 2850 ¹
174 2822 208 2876 .t
260 2838 318 2879 nes
334 2815 490 2884 exhibent
514 2813 557 2882 ab
574 2837 622 2878 re.
655 2815 730 2879 vid.
748 2813 877 2878 Cellarii
896 2814 1114 2894 auribnus,
1133 2820 1206 2880 208.
1236 2817 1304 2880 Cn-

261 2923 316 2968 666
331 2911 420 2988 post.
442 2905 491 2963 10.
511 2921 546 2986 6.
564 2901 637 2970 347.
659 2899 804 2970 Diseuss.
820 2903 940 2986 6191.
959 2901 1069 2964 Vorst.
1087 2900 1127 2963 de
1141 2901 1211 2964 Lat.
1220 2925 1303 2972 mer.
1405 2899 1406 2910 ¹

66 3060 69 3078 1
151 3065 166 3082 ν
263 3006 351 3073 susp.
375 3009 410 3072 p.
432 2990 486 3065 71.
510 2985 670 3054 Gunrher.
687 2987 757 3051 Lat.
774 2985 864 3049 Rest.
881 2984 923 3054 T.
945 2989 1073 3074 1.p.8.†
1405 3007 1406 3032 .

317 3141 319 3146 v
344 3104 429 3170 Ante
443 3103 591 3185 nomina,
617 3127 762 3189 qnorum
777 3107 886 3193 prima
901 3104 1010 3182 littera
1024 3114 1074 3170 est
1097 3123 1122 3182 Q
1146 3114 1179 3167 et
1191 3102 1305 3185 utere
1323 3158 1326 3162 .
1405 3139 1406 3162 ;

263 3187 472 3276 6661666666
495 3189 595 3277 poni,
619 3190 654 3268 id
674 3191 879 3279 grammatici
902 3189 1050 3278 plerique
1067 3191 1197 3266 docent.
1229 3189 1304 3252 Vid.
1388 3191 1406 3280 ,

262 3276 373 3341 Vorst.
400 3274 440 3352 de
465 3274 537 3352 Lat.
563 3297 646 3352 mer,
671 3299 761 3366 susp.
781 3279 812 3348 8.
850 3277 893 3356 At
917 3298 957 3356 66
979 3277 1095 3340 Cicero
1120 3286 1190 3338 non
1214 3295 1303 3352 raro,

222 3405 224 3410 -
263 3359 458 3444 praesertim
482 3360 517 3438 16
541 3360 705 3450 epistolis,
726 3361 857 3449 scripsit
876 3299 935 3428 (616
953 3372 996 3444 te,
1016 3379 1179 3442 nusquam
1193 3366 1306 3422 tamen

263 3441 324 3516 051
346 3456 422 3521 tuas
451 3455 560 3530 usqne
584 3447 618 3518 in
638 3449 707 3512 aliis
729 3446 918 3514 nominibus
934 3453 1039 3508 exstat
1053 3453 1179 3506 eertum
1198 3441 1306 3508 docu-

227 3608 231 3613 ,
261 3541 424 3606 mentum,
455 3529 584 3610 Tamen
607 3555 679 3608 666
703 3532 822 3600 desunt
839 3533 874 3594 in
891 3529 1048 3602 Cicerone
1062 3528 1213 3615 exempla
1228 3553 1331 3595 ver·¹
1405 3527 1406 3566 l

265 3614 385 3684 borum
410 3613 453 3684 ab
473 3626 523 3697 te,
552 3638 624 3684 non
644 3617 709 3682 nisi
729 3615 848 3680 criticis
867 3625 1033 3700 suspecta:
1057 3611 1097 3675 de
1111 3611 1182 3690 Fin.
1204 3615 1235 3696 5,
1252 3619 1306 3694 26,
1405 3649 1406 3658 ¹

227 3727 231 3732 ·
265 3700 318 3763 75.
340 3699 546 3784 discipulum
561 3701 660 3786 cupio
680 3699 723 3766 ab
740 3712 772 3776 16
788 3698 963 3774 abducere.
1008 3698 1129 3779 Quare,
1152 3695 1240 3785 quod
1261 3701 1305 3762 11-

265 3783 318 3848 bri
333 3783 544 3860 exhibentde
554 3785 631 3873 Leg.
652 3791 684 3866 2,
704 3791 755 3866 10,
771 3791 823 3849 23.
840 3781 1304 3870 6066166666616166616616

265 3879 350 3944 tems
370 3891 504 3954 magno
533 3870 586 3934 lex
614 3891 820 3956 6666611666
846 3867 953 3943 brevi,
975 3868 1211 3932 restituendum
1237 3877 1305 3930 erat
1405 3911 1406 3944 ,

266 3951 423 4020 conduco
443 3953 578 4040 quidem
595 3965 645 4026 est
661 3951 705 4018 ab
723 3965 767 4018 te.
809 3953 858 4017 lta
874 3952 971 4018 etiarn
988 3953 1155 4021 Sallustius
1170 3952 1239 4036 lug.
1250 3953 1301 4015 50.

267 4049 298 4102 ct
313 4039 441 4120 Livinei,
458 4040 524 4120 24,
544 4041 605 4120 47,
621 4045 652 4104 2.
679 4037 722 4102 ab
740 4051 847 4125 terge.
877 4037 956 4115 InQ
976 4039 1083 4104 littera
1099 4059 1167 4099 non
1182 4038 1304 4120 ubique

268 4125 381 4204 eadem
411 4124 624 4206 consuetude.
670 4123 804 4190 Terent.
828 4125 1077 4214 11061611.2,3,
1099 4127 1125 4184 1.
1153 4119 1303 4207 6661661-
