2826 4750
511 333 558 412 A,
601 329 674 412 AB,
695 301 697 308 '
717 328 807 394 tue.
1116 339 1156 402 aa

116 471 281 566 cernitur,
309 485 420 572 quod,
454 481 585 570 siquid
610 481 649 550 ab
672 481 810 548 bomine
832 479 888 566 fit,
916 483 985 548 cius
1008 487 1093 550 actio
1118 490 1157 552 ad

115 570 207 637 illam
229 591 303 636 rem
319 571 479 657 dirigitur,
495 589 600 654 nequo
615 569 702 632 inter
712 593 783 632 rom
798 567 921 632 factum
936 579 969 632 et
984 573 1157 646 actionem,

117 677 217 741 quam
234 655 386 736 uoluntas
405 655 613 736 modulatur,
634 676 738 718 nexus
760 655 960 720 necessarius
976 655 1158 730 intercedat.

115 741 173 804 sed
188 761 306 806 caussa
322 741 361 804 ab
378 741 449 827 ipsa
467 761 608 826 persona
622 739 663 804 ad
677 762 749 806 rem
765 739 870 804 delata
892 739 1032 806 videtur.
1056 744 1159 808 Caus-
1198 759 1199 766 ¹

115 845 149 889 sa
166 836 275 889 autem
294 826 329 888 in
345 823 501 912 reposita
516 824 658 890 nectitur
673 847 749 888 cum
764 847 812 904 rc,
833 825 1059 910 quamcitius,
1076 851 1160 916 pro-

115 912 217 992 xime,
236 911 330 996 eique
343 910 499 977 inhaeret.
525 911 639 990 Quum
656 911 755 998 igitur
772 909 859 989 dico,
875 924 1080 995 peccatura
1096 935 1160 988 mc,

114 997 253 1084 proprio
270 997 305 1060 id
324 995 494 1084 significat,
523 1005 678 1083 paccatur
696 1017 738 1060 cx
754 1017 828 1060 mea
846 1006 958 1082 purte,
981 1009 1018 1065 ut
1031 997 1062 1061 T
1064 1021 1162 1063 crcu-

115 1083 181 1146 tius
202 1083 321 1148 Heaut.
339 1087 377 1163 1,
410 1087 456 1162 ¹1„
482 1085 555 1150 106.
572 1092 755 1170 peccatum
779 1103 802 1144 a
827 1101 880 1146 mc
898 1083 1085 1150 maximum
1101 1095 1161 1148 cet.

116 1170 224 1254 Atque
247 1191 301 1249 ea,
330 1189 430 1256 quam
454 1164 566 1254 lingua
589 1165 703 1232 Latina
727 1165 862 1228 diversis
888 1163 1007 1242 formis
1025 1191 1162 1256 expres-

116 1254 177 1335 sit,
216 1256 344 1318 ratione
366 1249 561 1340 philosophi
586 1251 694 1318 nostri
717 1250 920 1338 distinguunt
947 1275 1093 1320 caussam
1107 1278 1162 1320 rc-

116 1361 194 1402 rum
207 1339 415 1404 moventium
433 1362 452 1402 a
469 1358 581 1401 caussa
600 1336 635 1400 in
653 1335 821 1400 voluntate
836 1337 962 1422 posita:
990 1339 1029 1404 de
1049 1363 1111 1430 qua
1127 1363 1163 1404 rc

118 1423 282 1490 subtiliter
306 1421 573 1488 disscruit,Scho
601 1421 782 1486 enhaucrus
807 1422 842 1484 in
866 1421 972 1488 libro:
1001 1423 1081 1490 iiber
1105 1425 1163 1494 dic

118 1508 290 1600 uierfaclce
311 1507 366 1574 W
361 1507 456 1574 ursel
475 1506 534 1576 dea·
582 1519 673 1576 utres
689 1529 770 1576 vom
785 1509 1027 1578 attreiclaeaden
1046 1511 1163 1576 Grim-

117 1593 161 1661 (ιθ
181 1621 217 1686 p·
238 1597 310 1662 105·
333 1652 340 1658 .

157 1687 163 1700 '
222 1697 392 1749 Grammatici
410 1695 523 1760 docent,
551 1712 704 1764 quamquam
723 1693 751 1744 in
767 1696 893 1766 reliquis,
912 1715 979 1766 qaae
996 1699 1029 1750 ab
1046 1699 1162 1752 homini-

162 1803 165 1814 ·
187 1784 234 1834 bus
256 1783 298 1850 agi
319 1783 361 1832 vel
374 1781 432 1834 fieri
450 1783 587 1843 dicantur,
619 1783 715 1848 ubique
735 1781 896 1850 praepositio
911 1794 1039 1850 ponatur,
1065 1785 1093 1834 id
1112 1800 1165 1836 uon

188 1869 300 1918 attinere
315 1833 349 1916 ab
362 1866 501 1935 participia
515 1847 654 1916 verboram
671 1866 812 1929 nascendi,
832 1877 924 1928 natus,
939 1871 1058 1936 genitus,
1079 1879 1164 1930 ortus,

189 1957 283 2012 actus,
304 1966 369 2019 qaae
390 1932 634 2019 simplici—‘ablativo
652 1951 801 2016 iungantur.
836 1949 898 2000 vid.
921 1950 1033 2022 Zumptii
1052 1952 1165 2004 Gramm.

189 2033 248 2088 451.
279 2035 350 2100 Quid
371 2033 559 2090 Ramshornius
582 2035 631 2085 sibi
654 2034 770 2086 volucrit
791 2033 819 2088 iu
837 2034 985 2096 contraria,
1010 2044 1039 2084 ut
1055 2035 1167 2099 videtur,

190 2125 318 2174 sententia
339 2142 365 2191 p.
383 2120 444 2186 271,
464 2138 517 2171 non
533 2119 595 2172 satis
611 2120 731 2194 expedio
752 2119 793 2169 Illi
810 2137 872 2171 vcro
890 2138 943 2170 non
959 2129 1100 2188 exponunt,
1116 2139 1167 2188 qno

186 2220 266 2278 pacto
287 2210 353 2262 hacc
369 2208 425 2258 sola
452 2204 592 2278 participia
612 2205 644 2256 ab
661 2207 781 2257 universo
798 2221 846 2256 usn
864 2205 1008 2268 recedant,
1027 2223 1105 2273 quum
1121 2224 1167 2256 ce-

187 2305 263 2345 terae
284 2293 379 2345 borum
399 2291 538 2343 uerborum
560 2291 662 2343 formae
689 2309 746 2344 cum
759 2289 957 2365 praepositione
970 2301 1167 2344 construantur:

189 2378 271 2430 velati
291 2377 396 2430 Coraci.
410 2379 464 2428 Aa.
481 2375 514 2427 18
523 2413 531 2440 ‚
547 2373 574 2428 8.
591 2388 700 2439 notans,
721 2379 770 2450 qai
783 2396 801 2429 a
819 2392 873 2448 quo
889 2386 974 2430 ortus.
991 2375 1075 2427 intell.
1093 2387 1170 2429 ortus

191 2465 240 2516 sit.
260 2462 313 2514 cte.
331 2473 393 2532 post
409 2463 496 2515 Redit.
516 2461 543 2526 2,
565 2457 590 2512 6.
610 2481 629 2514 a
647 2460 821 2532 parentibus,
842 2459 873 2518 id
888 2457 967 2534 quod¹
978 2479 1085 2536 necesse
1100 2473 1188 2524 erat‚·

189 2565 296 2631 parvus
325 2564 386 2599 sum
408 2541 604 2619 procreatus,¹
624 2567 642 2599 a
662 2545 744 2602 vobis
771 2556 853 2599 nctus
876 2564 936 2602 sum
949 2529 1118 2600 'consularia
1137 2548 1169 2600 dc

192 2633 269 2684 offic.
286 2633 321 2696 ἓ,
338 2630 371 2698 5,
388 2632 430 2684 16.
447 2635 486 2686 ric
507 2629 588 2684 nulla
612 2643 669 2684 tam
693 2629 866 2685 detestabilis
895 2635 983 2701 pestis
1009 2641 1072 2695 est,
1100 2651 1171 2704 quac

191 2735 247 2770 non
257 2715 413 2772 hominibus
421 2715 456 2768 ab
465 2715 576 2771 homine
590 2726 726 2768 nascatur.
747 2716 868 2766 caussam
882 2715 962 2781 igitur
978 2736 1129 2790 quaeramus
1143 2721 1172 2770 in

123 2805 127 2813 '
192 2803 305 2866 ratione,
323 2804 372 2870 qua
389 2801 487 2868 Latini,
506 2819 583 2872 quum
601 2797 682 2870 patre
699 2799 801 2854 Marte
815 2809 897 2850 natus
913 2800 1051 2866 dicebant,
1069 2821 1124 2854 non
1138 2806 1172 2854 ad

191 2889 275 2957 ipsam
293 2886 417 2956 gignendi
440 2887 571 2938 actionem
594 2885 637 2936 vel
656 2885 816 2936 voluntatem
837 2883 1029 2952 respiciebant,
1059 2887 1106 2940 sed
1122 2907 1183 2961 (ιο-ἱ

170 2962 174 2965 ’
195 2973 316 3040 gitabaut
339 2990 412 3037 eum,
439 2973 484 3041 qui
499 2975 610 3024 Martem
624 2980 725 3040 patrem
740 2954 859 3022 baberet.
893 2971 947 3023 Ubi
961 2971 1044 3047 ipsam
1064 2975 1170 3042 genitu-

146 3050 153 3068 '
192 3077 248 3110 ram
264 3057 417 3124 voluissent,
433 3058 512 3109 etiam
528 3056 669 3125 participio
686 3055 848 3107 addidissent
861 3053 1093 3126 praepositionem.
1115 3061 1171 3111 Ita-

193 3161 244 3212 que
265 3143 333 3192 nihil
348 3141 473 3194 differunt
489 3143 617 3193 formulae
631 3137 811 3210 amplissima
818 3135 941 3210 fabrilia
959 3154 1042 3197 natus
1057 3144 1129 3214 Gaesi.
1141 3149 1172 3203 B.
1239 3187 1241 3197 .

193 3231 228 3280 G.
243 3225 355 3293 7,37‚1.
371 3237 398 3280 ot
411 3226 553 3280 Auruncae
568 3236 651 3278 natur
665 3224 743 3296 Ouid.
759 3225 823 3276 Met
839 3223 881 3292 15,
889 3223 949 3278 552.

229 3316 261 3364 Iu
283 3307 391 3365 burnel.
413 3314 467 3363 Att.
488 3311 513 3364 1.
536 3312 561 3364 1.
604 3311 684 3365 Titus
702 3309 732 3362 P·
750 3309 862 3364 Atticus
884 3310 920 3363 ab
944 3315 1051 3382 origine
1073 3307 1175 3362 ultibaa

191 3400 290 3468 stirpis
308 3413 440 3473 romanae
454 3407 610 3468 generatas.
629 3394 768 3448 Lambinus
788 3403 816 3444 et
835 3395 962 3474 Graevius
985 3396 1080 3462 aliique
1104 3397 1173 3446 abii-

131 3479 133 3486 ’
196 3483 317 3536 ciendum
339 3489 395 3532 esse
410 3482 591 3533 existimarunt
606 3499 663 3536 voc.
680 3487 843 3550 generatus,
870 3480 1012 3546 quodnisi
1033 3480 1068 3530 sit
1080 3498 1175 3546 genere

195 3567 367 3629 descendens
384 3565 546 3618 defenditis
560 3576 657 3635 potest.
674 3567 742 3617 Nam
759 3581 824 3631 quae
839 3565 954 3624 Bromius
970 3563 1003 3614 dc
1022 3564 1047 3614 vi
1061 3583 1175 3635 praepo-

195 3653 300 3704 sitionis
322 3650 414 3712 affert,
442 3651 515 3718 quasi
542 3669 574 3704 ea
601 3651 707 3716 longum
726 3665 856 3701 recessum
876 3644 994 3713 denotet,
1012 3651 1175 3718 nuncuba-

194 3738 260 3789 bent
274 3745 463 3803 argumentum.
992 3747 994 3755 ’

169 3841 184 3864 ⁸·
210 3821 424 3884 Contrarium
456 3819 599 3896 exsistit,
636 3816 691 3878 ubi
724 3825 827 3880 cessat
860 3813 1030 3897 voluntas,
1070 3840 1177 3905 nequo

126 3907 173 3986 is,
210 3905 303 3969 cuius
333 3925 446 3968 caussa
472 3903 594 3991 aliquid
622 3899 676 3982 fit,
712 3921 890 3988 personam
923 3903 1046 3986 agentis
1076 3914 1175 3968 tenet.

128 3989 228 4054 'sune
248 3991 426 4078 ablativum
444 3999 576 4084 ponunt
590 3986 661 4050 sinc
677 3985 941 4078 praepositione..

234 4092 350 4144 Iuvenal.
376 4073 469 4154 1,13'.
495 4089 609 4146 assiduo
634 4099 734 4161 ruptae
761 4087 863 4145 lectore
884 4088 1038 4144 columnae.
1058 4088 1178 4164 ‘Agentis

202 4187 272 4230 essct
291 4197 310 4229 a
328 4175 439 4231 lectore.
527 4219 531 4224 .
1001 4213 1024 4264 ,Ι
