2826 4750
480 361 529 446 l,
570 363 643 446 AB,
670 310 777 428 ''aua
1094 377 1135 437 aa

157 515 304 578 1616663,
319 516 380 572 263.
400 518 487 574 Valet.
504 519 589 574 Flauo.
605 517 631 580 8,
648 517 707 572 317.
733 521 823 572 victus
839 515 980 579 cecidisset
995 522 1031 577 ab
1046 491 1135 579 haita.

72 639 76 652 .
157 607 236 654 Cani.
255 603 430 655 liuddimano.
453 623 477 673 p.
491 605 551 657 211.
576 607 607 657 Τ.
624 605 649 656 2.
670 605 712 673 qui
730 623 781 673 quo
797 607 855 657 iure
868 605 938 657 huuc
951 625 1025 660 usura
1041 611 1073 660 sd
1088 629 1134 662 so-

154 691 197 740 los
215 699 308 757 poetas
322 690 430 755 reserat,
449 692 573 759 exemplis
590 709 607 746 a
623 709 664 742 me
681 691 975 760 prolatissiutelligitur.

173 799 236 861 Hic
252 797 373 861 iterum
401 793 788 887 commemorari‘potest
802 801 902 866 dictio
919 825 990 868 csse
1006 801 1049 868 ab
1065 805 1136 869 ali-

95 905 158 981 quo
175 905 225 970 νε,
251 903 352 970 quam
370 903 469 971 supra
486 886 526 949 ad
544 887 641 952 aliam
659 885 822 954 rationem
836 885 953 952 referri
969 905 1068 976 posse
1084 891 1137 958 di-

94 991 214 1035 mmus.

121 1037 164 1072 ι’
197 1071 291 1123 Cicero
313 1071 346 1152 de
371 1075 432 1124 Nat.
459 1071 581 1137 deor.2,
600 1070 1137 1146 52,129.stestcatorasote.apist.

85 1185 89 1193 ι
160 1157 279 1211 adFam.
295 1153 329 1222 9,
355 1155 405 1220 16,
428 1155 470 1210 19.
498 1159 581 1212 etiam
602 1156 669 1217 iaec
692 1156 781 1211 leuior
805 1169 847 1212 ast
872 1158 963 1232 plaga
985 1159 1022 1214 ab
1047 1165 1136 1215 amico

161 1260 245 1313 quam
261 1260 279 1292 a
295 1239 428 1296 debitore.

176 1355 209 1414 3.
241 1349 292 1414 Ita
315 1351 413 1416 etiam
428 1333 513 1448 gaunt
544 1345 708 1416 adiectivis
734 1330 984 1439 componuntur
1000 1354 1138 1432 nomina

96 1434 239 1520 praelixa
249 1438 505 1522 praepositione,
526 1458 590 1522 qua
606 1439 778 1522 indicatur,
794 1461 855 1529 per
871 1455 971 1524 quam
988 1461 1060 1503 rem
1076 1439 1138 1504 uli-

97 1541 158 1606 qua
177 1522 325 1586 conditio
344 1531 417 1585 orta
433 1521 544 1587 fucrit.
939 1522 942 1530 ’

196 1641 273 1694 Plinii
288 1643 430 1708 Histuat.
448 1642 495 1708 17,
515 1643 541 1695 2.
568 1641 700 1715 aquilone
725 1647 843 1700 maxime
860 1641 1002 1715 gaudent,
1029 1640 1138 1697 densio-

162 1747 205 1780 res
230 1727 266 1779 ab
287 1725 394 1800 afflatu
413 1732 481 1782 eius.
523 1728 626 1779 Sallust.
647 1730 716 1780 Hist.
740 1731 761 1778 I.
788 1747 814 1796 p.
835 1726 894 1780 934.
931 1731 1003 1780 Cart.
1029 1743 1099 1800 qaas
1120 1749 1139 1782 a

163 1812 317 1884 paludibus
345 1816 421 1867 invia
444 1807 518 1882 fuit.
555 1813 670 1864 Catullus
687 1807 737 1876 66,
768 1798 810 1863 63.
844 1810 990 1868 uvidulam
1017 1827 1035 1862 a
1054 1810 1139 1881 stetu.

162 1903 280 1966 Propert.
297 1895 330 1962 4,
352 1897 383 1959 1,
406 1895 464 1946 116.
493 1888 585 1947 naarai
606 1894 641 1947 ab
669 1898 780 1966 ingenio
804 1899 897 1949 notior
922 1881 973 1950 ille
1000 1905 1058 1948 tao.
1086 1897 1139 1948 vid.

166 1977 324 2033 lauhmonai
336 1981 369 2032 ad
385 1979 411 2042 4,
431 1977 476 2047 (3.)
497 1981 521 2044 1,
541 1979 567 2032 9.
587 1981 662 2032 ovid.
678 1983 741 2033 Met.
761 1963 787 2045 8⁵,
807 1976 865 2033 671.
889 1980 924 2034 ab
940 1977 1017 2033 obice
1031 1985 1141 2034 saevior

165 2065 231 2118 ibat.
245 2068 325 2118 Trist.
341 2063 375 2127 4,
391 2065 412 2118 ’3
421 2104 428 2130 ,
445 2065 488 2118 16.
520 2077 629 2138 tempus
653 2077 679 2119 et
700 2086 718 2119 a
742 2071 845 2120 nostris
861 2069 940 2138 erige
955 2069 1034 2120 triste
1049 2065 1140 2120 matisc

159 2151 276 2220 Propert.
298 2153 331 2215 1,
357 2149 405 2214 16,
427 2146 469 2202 14.
495 2150 635 2223 supplicis
657 2171 676 2205 a
699 2151 791 2223 longis
813 2155 921 2206 tristior
946 2149 1077 2204 excubiis.
1103 2151 1140 2203 ita
1170 2196 1172 2204 .

164 2239 234 2289 enim
256 2237 447 2288 restituendum
472 2247 521 2288 est.
556 2240 587 2290 ln
607 2238 649 2290 his
675 2225 761 2288 autem
772 2238 896 2306 exemplis
912 2246 1021 2306 apparet
1034 2237 1140 2306 propria
1176 2230 1180 2242 ¹

161 2322 365 2392 praepositionis
387 2323 441 2374 vis:
478 2337 538 2374 uam
559 2323 659 2374 indicat
680 2339 710 2373 ea
735 2323 900 2373 occasionem
930 2322 1060 2387 mediam,
1087 2341 1140 2374 nou

158 2408 310 2475 proximam
323 2420 455 2473 caussam,
480 2426 546 2477 quae
562 2405 715 2475 exprimitur
737 2406 792 2458 hist
823 2409 911 2460 tristis
935 2406 1071 2468 excubiis,
1094 2410 1140 2459 tri·

164 2495 217 2545 stis
239 2483 323 2544 isatis
343 2495 418 2546 areis.
453 2492 504 2544 Sed
526 2496 643 2544 Lucanus
664 2489 699 2556 4,
727 2489 785 2544 133.
813 2490 980 2564 gelidosque
997 2511 1016 2544 a
1031 2495 1141 2564 gurgite

163 2594 244 2629 cursu
277 2577 426 2630 restituitur
455 2589 539 2630 artus.
572 2576 690 2642 intellige
723 2575 824 2643 gelidos
856 2577 950 2628 iactos.
992 2576 1049 2627 Alia
1081 2576 1143 2627 vide‘

163 2661 234 2730 apud
251 2660 459 2712 lluddimannum
470 2661 495 2712 2.
514 2680 540 2729 Pe
556 2658 622 2712 267.·
648 2663 680 2710 ln
698 2658 773 2710 Ovid.
788 2663 851 2712 Met.
864 2659 890 2726 3,
909 2659 969 2712 566.
988 2663 1078 2714 acrior
1091 2659 1141 2711 ad·

164 2749 280 2800 aconito.
294 2755 346 2798 est.
374 2763 427 2796 uon
451 2745 639 2812 elegantiorem
662 2745 808 2796 vocaverim
828 2763 886 2798 cum
908 2749 1054 2799 Burmauno
1072 2745 1140 2795 scri-

163 2825 268 2902 pturam
283 2849 301 2882 a
315 2835 431 2884 aaronitas
854 2821 857 2828 ’
902 2811 916 2850 x

197 2925 327 2976 Peculiari
343 2926 421 2975 modo
443 2921 491 2994 per
511 2922 616 2992 ellipsin
629 2919 697 2973 dixit
713 2921 850 2974 Lucretius
864 2921 898 2988 4,
918 2919 994 2974 1162.
1012 2930 1043 2972 at
1056 2911 1142 2992 gimi-

164 3029 203 3063 na
220 3020 248 3064 et
263 3024 432 3072 maculosa,
461 3009 540 3063 Ceres
557 3013 598 3061 est
618 3010 681 3078 ipsa
698 3004 733 3058 ab
756 3006 864 3062 iaccho.
898 3009 917 3059 i.
933 3026 956 3058 e.
978 3024 1042 3076 quae
1058 3023 1140 3056 mam-
1245 3033 1247 3036 ·

130 3159 132 3168 1
164 3112 239 3146 mosa
253 3105 294 3146 cst
311 3095 382 3146 sacta
397 3083 504 3162 sugente
519 3091 734 3160 magnoBaccho.

180 3203 214 3270 4.
244 3203 416 3280 Interdmn
435 3205 533 3270 etiam
549 3225 625 3268 cum
644 3203 755 3268 activis
771 3197 878 3268 verbis
892 3203 1041 3279 nomina,
1066 3203 1142 3298 qui-

99 3288 157 3354 bus
186 3289 367 3354 adhaereat*
385 3290 585 3378 praepositio
611 3305 674 3369 ΑΒ,
723 3289 828 3374 poni,¹
855 3311 968 3376 ⁵eaque
996 3311 1142 3354 caussam

99 3373 293 3472 significari,
329 3398 390 3463 per
414 3395 514 3462 quam
529 3374 637 3460 aliqua
651 3396 702 3438 res
718 3372 902 3464 alliciatur,
924 3374 976 3439 vel
1000 3396 1063 3460 qua
1077 3397 1143 3460 opo

99 3459 222 3545 ahquid
252 3457 328 3540 fiat,
370 3461 405 3524 id
442 3465 476 3527 iu
512 3457 633 3548 regulis
666 3453 871 3554 grapnmatici
902 3459 1144 3524 (1666666661

99 3545 285 3642 amempla,¹
310 3545 488 3632 inquibus
518 3565 627 3632 ipsam
661 3566 806 3611 massam
857 3545 1044 3625 roximam,
1072 3567 1144 3608 666
1251 3589 1254 3599 ·

99 3652 311 3696 occasronem
332 3631 384 3696 vel
412 3653 557 3696 caussam
578 3629 750 3694 deductam
773 3631 842 3696 inte
867 3631 1012 3718 igamus,
1040 3653 1144 3716 pauca
1246 3649 1248 3663 ¹

99 3725 176 3788 sunt
201 3717 237 3779 in
251 3717 410 3804 prosaicis
423 3715 658 3804 scriptoribus,
690 3725 722 3779 et
744 3716 860 3796 dubia,
890 3737 997 3802 nequa
1015 3717 1054 3779 ab
1076 3717 1144 3780 ele·
1196 3719 1217 3800 J

120 3801 209 3865 antia
232 3803 505 3869 commendanda.
550 3801 667 3866 Graeci
690 3803 819 3888 saepius
844 3801 890 3866 ita
908 3799 942 3865 lo
969 3806 1039 3872 uati
1055 3812 1143 3865 sunt.
1240 3813 1243 3816 '

101 3823 456 3972 iophocl‚Aiac.,470.-·
468 3885 555 3973 seipsi
575 3905 619 3964 τις
640 3889 765 3969 ζητητέα
785 3884 887 3966 τοιάδ’,
908 3884 953 3968 cip
977 3881 1014 3970 ἧς
1031 3889 1146 3972 γέροντι

102 3970 346 4056 iaiaioaatarpi,
360 3969 410 4054 ,μὴ
427 3983 487 4038 eta.
824 3992 827 3998 '
1062 3991 1066 4000 ⁴

202 4095 296 4144 Brutus
313 4092 343 4142 16
362 4092 444 4160 Epist.
461 4092 494 4142 ad
512 4094 565 4144 Cic.
586 4093 637 4158 11,
658 4092 699 4157 10,
717 4091 743 4144 6.
763 4099 794 4146 tri
811 4093 881 4145 enim
898 4112 916 4144 a
932 4103 1005 4146 certo
1021 4109 1103 4144 sensu
1118 4100 1146 4144 et

168 4193 233 4230 vero
250 4177 362 4234 iudicas
387 4177 421 4233 de
443 4175 534 4234 aolus.
561 4176 580 4231 i.
596 4175 793 4231 esscc'undum.
821 4177 981 4241 11616630,
1007 4176 1086 4241 6,1.
1110 4175 1145 4225 ab
