2834 4756
135 4029 141 4036 .
178 4015 180 4018 -
260 3967 480 4044 observasset,
503 3985 629 4028 novum

262 335 328 396 raa
407 310 409 314 ’
442 346 448 351 -
649 277 959 428 auruquuu
998 385 1002 394 ,

221 543 223 551 ,
245 465 495 574 ,imperfectum
510 479 705 567 requiritur:
731 447 788 544 ubi
809 475 994 574 perfeptum
1015 477 1182 546 inffleativi
1205 483 1312 570 poni-

201 597 211 611 κ
262 581 338 670 tur,
366 591 421 634 res
450 589 511 655 per
540 589 576 632 se
599 575 752 667 pausat,
789 575 821 629 et
848 563 1035 670 designatur
1059 575 1191 631 tantum
1221 579 1313 634 certa

262 667 413 728 notiones

346 797 351 828 r
376 773 454 838 Quod
479 771 627 823 cta-urus.
646 772 701 838 18,
725 771 768 824 71.
801 768 845 826 tie
869 771 974 826 Livius
994 799 1037 822 -,
1053 761 1135 824 anna'
1154 772 1215 840 ipss
1233 782 1309 835 ante,

333 879 415 936 quam
433 866 574 910 natusest
591 855 710 913 Enniu's.
728 858 805 910 aliter
825 857 965 909 Suetonius
980 845 1103 928 vesp—2.
1121 859 1309 928 quinquennio

334 955 419 1006 ante,
445 959 528 1012 quam
547 939 693 1014 Augustus
717 941 871 997 excederet.
906 942 963 996 nir.
982 939 1036 1006 41,
1054 942 1088 1008 2,
1108 941 1149 994 10.
1169 941 1309 1011 proelium

332 1031 455 1084 atrocius
473 1053 506 1065 -
519 1019 601 1093 fuit,
627 1047 676 1082 nea
690 1037 756 1082 ants
770 1021 894 1098 finitum
913 1045 996 1099 quam
1014 1044 1067 1100 pro
1084 1029 1229 1099 paucitate
1244 1031 1309 1082 resi-

332 1111 465 1169 stentium
478 1104 555 1180 fuit.
1095 1104 1102 1124 ¹

367 1215 421 1268 Cic.
434 1213 463 1264 in
482 1215 560 1267 Verr.
577 1211 610 1276 2,
629 1208 758 1280 67,1tn.
778 1232 866 1285 neque
884 1215 914 1268 in
932 1211 984 1267 lrac
1006 1233 1035 1268 re
1059 1211 1123 1268 sola
1145 1208 1212 1286 fuit
1237 1220 1308 1270 eius·

330 1299 418 1364 nundi,
436 1297 493 1360 sed,
512 1310 661 1372 antequam
681 1317 733 1371 ego
754 1302 784 1354 in
796 1297 925 1358 Siciliam
941 1302 1015 1364 veni,
1035 1302 1064 1353 in
1082 1301 1210 1354 maximis
1228 1299 1309 1354 rebus

330 1407 365 1441 aa
380 1384 518 1457 plurimis.
538 1383 574 1454 ¹i.
593 1401 617 1435 e.
641 1393 702 1436 ante
726 1385 865 1436 adventurn
888 1402 981 1436 meum.
1017 1384 1051 1435 ad
1067 1388 1121 1436 Att.
1137 1385 1172 1450 2,
1189 1385 1217 1441 7.
1234 1389 1308 1458 eqni·

331 1471 395 1526 elem
413 1480 560 1540 autequam
581 1477 645 1521 tuas
668 1467 725 1540 legi
744 1468 873 1535 litteras,
893 1471 924 1523 in
942 1467 1135 1543 ¹lrominem'ire
1153 1469 1307 1540 cupiebam.

255 1540 261 1548 ”
330 1555 427 1622 Philip.
446 1553 495 1619 12,
512 1551 544 1616 9,
565 1550 609 1605 23.
629 1556 672 1607 eui
680 1549 734 1622 sui
751 1572 857 1625 semper
874 1556 998 1618 amicus,
1024 1563 1172 1626 antequam
1190 1554 1241 1610 ille
1257 1560 1309 1611 rei·

274 1635 276 1641 ⁸
330 1635 461 1712 publicae
481 1635 615 1708 bonisque
632 1635 760 1692 omuibus
777 1649 835 1692 tam
861 1649 958 1708 aperte
973 1648 1023 1714 est
1045 1633 1148 1709 factus
1172 1621 1309 1712 inimicus.

330 1727 403 1776 Brut.
429 1719 478 1784 18,
504 1719 546 1772 49.
576 1732 725 1795 antequam
746 1721 884 1778 delectata
907 1719 1117 1777 Atheniensium
1137 1726 1237 1779 ciuitas
1256 1723 1310 1780 lias

268 1811 271 1820 '
334 1806 419 1862 laude
439 1805 562 1870 dicendi,
581 1805 673 1878 multa
692 1809 748 1862 iam
766 1805 960 1864 memorabilia
976 1837 1012 1849 -
1027 1806 1166 1880 effecerat.

368 1911 430 1962 Liv.
443 1907 477 1974 5,
492 1908 543 1976 83,
561 1907 587 1964 6.
606 1909 731 1965 διασαπεὶς
747 1913 852 1984 quippe
875 1912 957 1968 annis
973 1921 1053 1974 ante,
1079 1929 1163 1984 quam
1181 1909 1310 1966 Clusium

323 1989 527 2069 ‘oppugnarent
549 1993 696 2068 urbemque
721 1995 842 2050 Romam
862 2007 1007 2068 cuperent,
1034 2000 1064 2051 in
1087 1995 1202 2050 ltaliam
1225 1995 1311 2054 Galli

250 2103 256 2117 .
328 2079 577 2146 transscepderunt.
618 2081 667 2131 Per
683 2080 873 2150 -itnperlectum
899 2081 1060 2149 significatur
1076 2082 1201 2150 temporis
1219 2093 1309 2136 mutua

329 2165 426 2218 relatio
444 2173 472 2215 et
490 2180 579 2214 nexus.
614 2167 722 2217 Sueten.
747 2167 820 2218 Caes.
838 2165 882 2226 18.
908 2186 994 2237 neque
1016 2185 1106 2231 more,
1121 2185 1221 2238 ,neque
1238 2173 1308 2232 iure,

329 2252 479 2320 antequam
497 2249 657 2315 provinciae
681 2263 860 2315 ornarentur,
887 2247 1032 2320 profectus
1055 2262 1105 2305 est.
1134 2256 1309 2306 nonestis·
1410 2281 1411 2286 =

305 2347 308 2357 ’
332 2343 390 2386 ctae
406 2332 453 2388 ,rei
478 2331 588 2400 simplex
606 2335 735 2398 notatio,
760 2335 808 2387 sed
827 2335 904 2386 simul
930 2336 1089 2388 conditionis
1115 2338 1183 2388 ratio
1210 2339 1239 2390 in
1258 2357 1308 2391 or·
1365 2401 1367 2404 Ι

330 2417 419 2494 nanda
443 2405 522 2468 'antea
543 2417 694 2498 propincia,
726 2437 792 2490 quae
820 2421 937 2488 quamvis
965 2421 1069 2474 Caesari
1095 2422 1201 2490 cognita
1227 2435 1309 2496 esset,
1410 2449 1411 2454 ¹

328 2512 416 2554 tamen
430 2502 564 2572 profectus
583 2511 632 2558 est.

366 2622 422 2677 Gie.
438 2639 465 2690 p.
481 2621 569 2674 Plauc..
582 2595 627 2688 41,
645 2619 688 2674 98.
707 2623 755 2695 qui
771 2633 921 2694 antequam
939 2621 975 2677 ele
989 2592 1050 2680 ¹meu
1071 2624 1193 2680 adveatu
1208 2625 1309 2684 audire

328 2711 487 2781 potuissent
502 2731 537 2748 ·-
554 2705 584 2758 in
603 2703 810 2760 Macedoniam
827 2709 866 2762 ad
885 2709 1081 2783 Planciumque
1095 2714 1214 2782 perrexi.

361 2818 396 2879 *ln
419 2825 516 2878 Tibull.
546 2823 580 2886 1,
605 2823 640 2892 3,
665 2807 816 2899 Siquam
844 2825 911 2880 bene
937 2830 1058 2901 Saturno
1084 2828 1217 2884 vivebant
1242 2849 1309 2902 rege
1368 2807 1372 2816 Ι

327 2913 424 2984 prius,
442 2928 526 2982 quam
544 2907 630 2962 tellus
653 2912 682 2962 in
699 2909 800 2984 longas
816 2922 858 2966 est
874 2908 1022 2982 patefacta
1036 2915 1108 2967 uias.
1127 2914 1246 2988 narranti
1261 2915 1308 2966 di—

330 2979 439 3049 cbudum
466 3005 524 3046 erat
549 2997 713 3066 priusquam
735 2991 883 3066 patefacta
902 3007 974 3049 esset
995 2997 1048 3049 sire
1066 2994 1234 3068 patefieret,
1259 3000 1309 3051 sed

221 3083 224 3092 “
258 3129 268 3142 ,
327 3075 409 3150 poeta
423 3089 541 3132 versatur
559 3078 588 3130 in
604 3077 687 3147 ipsius
704 3081 830 3148 temporis
855 3079 1047 3149 descriptione,
1075 3091 1104 3132 ut
1120 3082 1186 3135 bene
1204 3081 1307 3135 Doele-

327 3166 388 3216 isius
406 3163 474 3216 vidit
489 3177 516 3232 p.
532 3159 593 3218 216.
636 3165 729 3231 Neque
753 3165 831 3215 aliter
854 3165 943 3236 Livius
969 3166 1001 3232 9,
1021 3165 1307 3238 13,10.qu0tidem
1327 3234 1331 3246 ⁵

325 3248 470 3301 Doclekius
495 3263 550 3298 non
573 3249 708 3316 perspexit
739 3249 870 3300 scribens:
902 3247 1022 3305 obsessis
1046 3245 1207 3324 priusquam
1232 3252 1307 3306 alter

326 3330 426 3388 consul
452 3331 557 3385 victore
582 3334 704 3386 euersuri
733 3333 856 3386 advenit.
905 3336 1075 3388 Scribendnm
1103 3347 1161 3390 erat
1186 3336 1307 3393 obsessis

327 3418 527 3491 prius„quam
544 3443 580 3456 ·-
596 3415 729 3480 advertit,
753 3418 782 3468 in
801 3415 927 3488 terirporis
947 3421 1140 3499 descriptione,
1165 3442 1235 3499 quae¹
1252 3424 1305 3476 att-
1410 3417 1411 3420 Ἴ

234 3510 240 3522 ”
327 3513 452 3575 quantum
470 3501 592 3554 differta
611 3515 699 3554 rerum
716 3504 876 3556 narratione.

257 3623 344 3694 Hine
382 3625 546 3720 supultus,
584 3621 734 3711 perfeeto
772 3616 941 3692 indicativi
966 3625 1089 3694 ‘locum
1127 3649 1197 3693 essa
1230 3628 1305 3714 ple-

198 3791 200 3798 ,
258 3721 418 3798 rumque,
443 3711 499 3775 ubi
516 3709 562 3776 vis
581 3709 739 3774 orationis
756 3711 871 3774 nititur
890 3712 926 3774 in
950 3714 1111 3802 temporis
1134 3713 1304 3800 particulis

260 3808 359 3872 ante,
372 3797 491 3882 prius,
514 3795 605 3880 quod
620 3792 658 3856 fit
674 3795 773 3858 etiam
789 3818 884 3882 saepe
900 3797 1008 3862 addita
1022 3801 1215 3886 negatione:
1234 3823 1307 3864 nore

260 3891 361 3962 aute,
384 3904 445 3946 uec
461 3892 561 3960 unte,
580 3879 770 4026 rtouprius.
813 3879 884 3945 Hoc
901 3902 1005 3968 quum
1013 3881 1202 3950 'Doelekius
1219 3883 1306 3948 bene

677 3974 820 4030 coretum
839 3964 916 4031 feeit
931 3991 965 4054 p.
982 3953 1075 4050 2152,
1099 3990 1141 4034 ex
1157 3990 1223 4055 quo
1242 3969 1307 4033 ad·

258 4053 342 4118 ieeta
353 4051 525 4138 negatione
537 4049 658 4136 ubique
669 4050 704 4114 in
719 4053 907 4120 narratione
918 4064 1106 4122 xoccurreret
1116 4053 1308 4141 perfeetum
1410 4087 1411 4124 3

259 4137 437 4222 indicativi.
487 4135 572 4203 Rem
585 4145 698 4204 tamen
713 4136 931 4226 explicatione
950 4139 1114 4209 nonsatis
1131 4139 1307 4229 explicuit.
1410 4177 1411 4222 ,
