2882 4752
608 349 697 418 11.
975 437 978 452 ,
1111 363 1157 426 rs

174 515 210 554 ns
247 517 328 554 mann
364 501 480 556 additam
497 488 552 558 art.
592 503 645 558 ssd
682 493 846 578 frequentas
878 507 981 578 lagine
1005 513 1036 566 ie
1062 517 1154 586 genu
1186 517 1188 522 ’

113 589 117 602 ’
170 585 364 660 procumbere.

189 726 226 788 6.
243 725 293 789 01
306 723 550 812 praepositione
566 741 614 790 111
630 745 706 788 oum
715 725 906 792 nominibus
919 723 1051 794 urbium
1068 753 1153 795 con·
1195 745 1197 753 ’

96 807 221 878 iuncta
245 809 451 896 grammatici
466 810 673 887 111111111111111Ι
689 811 924 899 disputarunt·
951 813 997 877 Ac
1016 815 1152 902 plurimi

97 894 254 980 aliquam
278 894 422 960 veritatis
446 905 576 982 partem
599 897 797 984 attigerunt,
827 898 924 984 pauci
940 907 1069 982 tamen,
1100 901 1152 967 vel

95 1001 210 1050 nemo
236 979 291 1060 id,
324 977 391 1065 quo
407 989 478 1044 tota
495 981 640 1078 quaestio
658 981 898 1064 absolveretur,
927 985 1152 1082 comprehen-

97 1087 182 1128 sum
213 1064 331 1130 tenuit.
374 1063 438 1128 Alii
466 1087 555 1130 euun
586 1063 836 1133 observaverant
868 1089 947 1153 prae
973 1071 1151 1136 ontionem

100 1149 223 1214 omitti
253 1147 360 1214 solere
378 1150 412 1213 in
435 1149 626 1215 nominibus
643 1151 793 1216 urbium:
825 1153 913 1217 unde
957 1151 1093 1220 horisius
1108 1179 1151 1222 ex

98 1235 305 1301 Palaemone
319 1257 355 1321 p.
371 1238 445 1298 206.
461 1235 604 1299 nomina
619 1236 800 1301 civitatum
812 1237 886 1301 sine
892 1260 983 1324 prae
1007 1241 1151 1307 ositione

98 1331 185 1384 sunt
205 1342 283 1384 cum
298 1317 404 1384 uerbis
426 1318 540 1397 eundi,
555 1322 736 1398 manendi,
761 1321 940 1387 redeundi.
1000 1335 1013 1387 t
1035 1327 1149 1412 paullo
1195 1378 1199 1394 .

99 1415 202 1492 post:
219 1405 433 1492 generaliter
447 1416 480 1469 et
494 1405 665 1483 canonice,
675 1405 893 1471 utIlomonas
908 1397 1150 1475 disertissimub

100 1491 195 1556 artis
211 1490 360 1576 scriptor
373 1487 488 1578 refert,
499 1492 773 1589 praepositiones
785 1491 944 1580 gentibus
958 1517 1015 1563 seu
1031 1495 1149 1562 natio·
1258 1566 1260 1572 ,

99 1575 204 1640 nibrrs
222 1573 417 1655 adduntur,
439 1574 631 1642 ciuitatibus
650 1577 852 1642 adimuntur
866 1590 898 1643 et
914 1577 1148 1664 detrahuntur,

101 1662 185 1726 licet
212 1671 334 1725 eontra
359 1661 540 1725 nonnullos
564 1678 688 1726 ueteres
710 1662 836 1728 diriese
853 1665 1080 1748 reperiamus,
1109 1679 1149 1732 ut

102 1744 204 1832 apud
226 1744 381 1810 eumdem
402 1743 595 1820 Romanum
611 1747 775 1812 invenies.
818 1748 948 1812 Servius
973 1751 1014 1814 ad
1030 1752 1147 1840 virgil.

102 1837 186 1897 Aen.
206 1837 243 1912 1,
265 1837 299 1896 2.
319 1817 389 1903 'ars
412 1831 548 1919 quidem
567 1832 632 1895 ,hoc
646 1832 772 1919 exigit,
801 1843 839 1896 ut
857 1833 1049 1898 nominibus
1061 1859 1148 1923 pro-

101 1916 297 1982 vinciarum
309 1917 604 2004 praepositionem
625 1914 818 1998 addamus,
847 1917 1024 1982 civitatum
1046 1944 1148 1986 num-

97 2023 217 2089 quam.
265 2001 397 2066 Tamen
417 2003 614 2090 plerumque
634 2005 698 2068 boc
718 2010 874 2090 perverso
891 2001 1010 2067 ordine
1025 2002 1162 2070 lectum'

103 2098 163 2152 est.
208 2083 305 2154 Nam
330 2110 404 2152 ecce
423 2091 486 2153 boc
510 2088 583 2152 lo'oo
606 2087 759 2156 detraxit
771 2087 979 2176 'provinciae
993 2113 1169 2180 praepo-⁴

102 2173 263 2238 sitionem
277 2171 412 2236 dicens.-
433 2173 623 2240 Italiam
645 2174 769 2240 uenit
789 2191 854 2261 pro
875 2172 933 2237 ad
954 2173 1148 2242 Italiam

104 2259 233 2322 venit.
265 2257 399 2322 sl'rdlius
424 2260 462 2322 in
488 2257 667 2332 Verrinis:
705 2282 756 2323 ea
787 2259 859 2352 die
894 2256 1058 2327 Verres
1089 2263 1147 2328 ad

102 2343 352 2408 Messanam
380 2345 517 2420 venit,
549 2365 613 2432 pro
633 2345 1039 2430 Messanamaenit.
1081 2349 1147 2416 Alii

127 2428 369 2516 raepositiones
391 2430 524 2493 urbium
547 2429 738 2495 nominibus
756 2427 966 2517 addi,'faeile
982 2435 1145 2500 concede·
1188 2443 1194 2450 '
1304 2433 1311 2452 ⁰

101 2451 198 2595 bant,
262 2513 420 2602 repositis
450 2516 544 2580 certis
576 2515 749 2602 exemplis.
792 2513 842 2580 Ita
868 2511 984 2581 (licere
1009 2539 1051 2582 ex
1072 2519 1144 2610 ipsa

65 2613 66 2618 ’
101 2599 194 2670 urbe,
207 2537 322 2688 Apym
344 2600 476 2686 scripsit
498 2599 618 2666 Tironi¹
634 2603 691 2682 16,
716 2605 748 2665 2.
772 2601 873 2666 tertio
893 2601 948 2666 die
965 2599 1025 2666 abs
1043 2614 1077 2670 te
1095 2606 1145 2671 ad

99 2685 263 2772 Alyziam
273 2707 538 2750 accesseramus.
552 2686 588 2750 in
601 2688 697 2751 Verr.
714 2691 744 2766 1,
760 2690 812 2767 27,
829 2691 882 2750 69.
898 2710 999 2774 quarm
1015 2712 1079 2776 ego
1095 2691 1145 2755 ad

101 2768 417 2846 Heracleamnocta
426 2771 630 2836 accederem.
652 2769 1152 2852 ssd-Fame,arnas-itntmertbu

97 2855 238 2942 gratius
253 2852 375 2943 facere
396 2879 511 2942 posse,
543 2857 691 2943 quamsi
707 2854 893 2920 adSidam
912 2857 1142 2946 navigassem.

100 2951 132 3006 et
148 2941 283 3010 Sallust.
297 2940 369 3028 Ing.
383 2943 436 3008 75.
454 2940 611 3006 eomodo
629 2942 812 3006 instructus
831 2939 880 3006 od
897 2941 1045 3008 Tbalam
1055 2969 1142 3033 pro·

91 3021 276 3112 ficiscitur.
296 3029 350 3104 67,
371 3031 412 3091 1..
432 3026 564 3092 Marias
585 3025 634 3090 ad
658 3023 809 3090 Zamam
828 3028 992 3114 peruenit.
1016 3031 1087 3097 Liv.
1108 3033 1140 3112 5,
1200 3033 1205 3082 ἶ
1244 3089 1249 3096 .

101 3116 209 3192 19,,8.
233 3111 314 3176 inde
336 3111 385 3176 ad
407 3109 514 3194 Veios
535 3112 700 3176 exercitus
725 3111 865 3175 ductas.
887 3113 1013 3200 (tamen
1032 3117 1067 3198 6,
1087 3123 1140 3198 20,

99 3196 130 3260 l.
162 3207 202 3262 nt
229 3196 287 3284 qai
313 3195 489 3366 particeps
523 3220 593 3262 esse
617 3194 781 3346 praedae
808 3196 928 3274 vellet,
961 3200 999 3264 in
1022 3215 1141 3268 castra

104 3277 210 3346 Veios
233 3281 310 3347 iret.
338 3289 385 3363 ’0,
411 3285 470 3362 24,
493 3287 522 3346 1.
547 3280 597 3346 ad
643 3305 743 3346 oram
762 3281 842 3346 inde
858 3282 1017 3348 reditum.
1030 3285 1085 3368 ²23,
1108 3294 1138 3352 1.

100 3366 147 3430 ad
169 3367 297 3432 &ram
314 3367 495 3432 traductae
512 3367 675 3454 legiones.
693 3372 731 3446 9,
747 3371 813 3440 22,
826 3372 855 3431 1.
881 3373 912 3441 6,
929 3373 981 3447 32,
999 3373 1031 3436 5.
1055 3372 1139 3436 Cae-

97 3475 149 3516 sar
169 3451 209 3520 B.
226 3453 312 3516 Gall.
335 3458 369 3533 l,
391 3458 423 3517 7.
444 3452 493 3517 ad
509 3451 685 3538 Genauam
697 3452 861 3539 persenit.
884 3453 923 3518 B.
941 3455 1011 3520 Civ.
1028 3461 1068 3538 3,
1084 3462 1137 3541 30.

97 3541 128 3610 3,
148 3542 204 3604 69.
227 3537 321 3601 Curt.
337 3538 369 3617 4,
391 3539 491 3619 1,15.
508 3536 560 3602 Cf.
575 3536 731 3605 Alvannn
745 3536 785 3602 de
803 3537 880 3602 inst.
896 3561 1000 3624 gram.
1017 3563 1051 3628 p.
1062 3546 1137 3608 347.

98 3631 130 3684 ct
149 3644 234 3710 quae
257 3623 298 3706 de
321 3643 394 3686 voe.
416 3623 455 3687 ia
469 3644 531 3688 suo
550 3622 628 3702 loco
644 3621 742 3689 infra.
762 3623 869 3709 Atque
884 3621 954 3708 ipse
968 3623 1139 3693 casaubo-

96 3727 156 3772 nus
172 3707 209 3772 in
228 3707 367 3776 Sueten.
386 3707 501 3782 Claud.
521 3712 551 3772 1.
571 3731 692 3795 corpus
708 3707 784 3794 eius¹
794 3717 860 3795 per
872 3708 1139 3799 municipiorum

97 3792 369 3880 coloniarumque
382 3793 550 3881 primores
559 3831 597 3844 -
609 3793 659 3858 ad
672 3789 788 3874 urbem
802 3790 974 3857 &rectam
989 3819 1060 3862 esse
1074 3821 1137 3863 ex-

118 3876 211 3942 lieuit
235 3878 274 3942 in
289 3876 415 3942 urbem.
446 3879 540 3960 Quae
562 3878 715 3966 exempla
737 3899 842 3964 quum
858 3877 985 3945 rariora
1002 3903 1070 3948 esse
1084 3885 1137 3949 vi-

96 3898 262 4043 locentur,
277 3961 478 4045 Perizonius,
501 3963 625 4040 Sanctii
639 3963 834 4044 sententiam
849 3962 885 4026 in
900 3963 1039 4032 Minerr.
1054 3969 1086 4044 4,
1103 3973 1135 4033 6.
1335 4039 1336 4046 ¹

96 4045 259 4130 refellens,
276 4045 365 4116 certe
387 4047 648 4136 frequentiorem
663 4048 1135 4136 usumiupraepositioneoon
1217 4099 1222 4105 ·

95 4133 202 4200 addita
226 4134 374 4215 notavit,
406 4143 444 4200 et
467 4143 645 4223 praecunte
667 4131 851 4222 Malaspina
876 4133 912 4200 in
932 4134 1133 4206 011111111-
