2866 4754
515 325 674 425 nn.
838 413 841 422 Ι
973 309 1021 370 κ’
1102 326 1271 408 eosfl

190 489 330 542 anteacta
355 491 574 553 perseverarunt.
608 483 709 554 Apulei.
728 482 840 553 Apolog.
858 467 885 552 p}
901 480 969 550 278,
983 483 1028 540 86.
1049 505 1114 542 num
1134 501 1166 544 ac

192 575 360 636 meministi,
393 567 454 622 dics
480 566 579 622 abhinc
604 570 713 640 quintus
739 587 777 620 an
800 577 895 622 sextus
920 580 978 634 est,
1005 590 1087 644 quum
1114 566 1165 626 ‘ctu

191 661 288 710 Auson.
307 659 367 723 Snpi
387 656 477 706 Solon.
497 652 539 704 19.
556 670 604 706 recc
621 673 658 706 an
677 653 941 725 tyrannusLydiue
963 655 1077 712 Croesus
1091 653 1166 727 fuit.

191 746 263 796 Haec
278 752 339 812 apte
356 740 425 790 inter
445 757 472 788 ee
492 738 666 801 conveniunt,
693 755 777 806 neque
803 739 992 795 dubitationem
1009 743 1167 812 exprimunt,
1257 781 1260 790 .

192 829 239 880 scd
263 845 319 878 rem
344 823 502 892 ambiguam:
536 823 565 874 id
595 823 665 890 qnod
696 823 856 890 aliquantum
880 824 978 877 differt.
1018 813 1166 882 Mamertin.

192 915 267 969 Grat.
284 921 335 963 act.
352 903 460 984 111124.
480 907 536 960 sino
551 917 602 960 aut
618 911 674 960 tric
684 903 779 976 ferme
796 925 830 960 ex
846 919 936 980 vetere
949 916 1081 967 mernoria
1099 900 1168 966 anii-

193 976 286 1051 ¹corum
303 995 385 1064 paria
405 987 596 1064 proferuntur.
618 991 669 1042 duo
689 989 751 1042 libri
769 1011 821 1056 an,
846 993 917 1060 quod
937 995 1044 1063 probari
1067 1009 1167 1068 posset,

98 1095 121 1102 ··
154 1097 160 1114 t
192 1082 244 1133 nisi
271 1081 388 1135 obstaret
407 1073 519 1146 ferme,
551 1088 579 1129 et
604 1071 745 1128 auctoritas
772 1069 923 1144 Ciceronis,
950 1079 994 1147 qui
1021 1082 1050 1133 iu
1077 1080 1168 1134 endem

193 1165 324 1238 uenientia
340 1162 413 1214 Lael.
431 1157 466 1228 4,
487 1155 528 1214 16.
548 1163 597 1215 uix
616 1165 670 1215 tria
690 1171 742 1213 aas
763 1170 882 1229 quatuor
895 1169 1072 1220 nominantur
1085 1171 1168 1240 paria

195 1253 353 1304 amicorum.
390 1249 487 1298 Contra
511 1263 574 1300 vero
596 1246 650 1298 Cic.
669 1265 695 1314 p.
716 1247 794 1298 Rosc.
812 1248 869 1297 Am.
893 1247 943 1313 21,
960 1245 1002 1300 59.
1019 1256 1169 1324 quaesisse,

195 1349 259 1390 num
278 1329 327 1386 iile
345 1343 394 1383 aut
419 1329 469 1386 ille
487 1327 654 1401 dfferrrurus
679 1341 759 1385 esset.
783 1347 837 1381 non
866 1330 934 1384 dixit
957 1347 1006 1401 pro
1031 1355 1085 1408 an:
1107 1355 1169 1389 nam

194 1437 248 1470 non
275 1413 457 1482 dubitabatur,
481 1426 567 1468 nuum
586 1418 631 1468 ille
649 1434 683 1468 an
699 1417 745 1468 ille
762 1416 914 1472 defensurus
932 1424 1017 1484 esset,
1042 1420 1088 1472 sed
1108 1440 1170 1474 num
1196 1427 1197 1432 ’

195 1504 301 1555 olnnino
320 1503 462 1570 quisquam.
498 1503 567 1552 Bene
582 1501 663 1568 igitur
676 1501 711 1552 de
733 1501 783 1552 Off.
801 1493 834 1568 3,
856 1501 903 1568 13,
926 1501 968 1554 54.
985 1521 1050 1556 nunc
1068 1509 1170 1561 iniuste

195 1585 245 1642 cui
262 1585 386 1656 improbe
397 1581 511 1656 fecerit.
542 1587 661 1637 restituit
678 1587 792 1638 Beierus.
815 1588 988 1640 neceiolatus
1014 1600 1041 1642 ·et
1065 1593 1170 1645 Ernest.

192 1679 356 1726 mutaverant
373 1687 410 1722 an
435 1671 463 1726 in
486 1681 578 1743 atque.
604 1673 644 1722 Dc
670 1672 731 1723 loco
753 1675 825 1726 Brut.
843 1669 892 1739 44,
917 1670 976 1727 162.
1003 1675 1117 1728 dicamus
1139 1677 1168 1730 in

192 1767 251 1811 roc.
271 1767 329 1810 aut.
364 1755 488 1807 InAoad.
504 1757 537 1817 2,
553 1749 682 1819 89,'124.
700 1751 873 1823 tenemusne,
894 1758 963 1830 quid
982 1761 1089 1814 animas
1107 1765 1169 1817 sit?
1216 1773 1233 1836 Ἰ

194 1839 243 1897 uiri
259 1843 322 1896 sit?
339 1839 457 1910 denique
472 1842 544 1894 sitne
561 1856 615 1901 an,
634 1849 664 1890 ut
683 1832 855 1894 Dicaearcho
877 1848 968 1896 visum
993 1856 1053 1912 est,
1069 1863 1112 1900 ‚ue
1131 1851 1170 1901 sit
1233 1893 1248 1914 „

195 1927 305 2003 quidem
323 1924 423 1978 relius?
441 1925 506 1975 ferri
519 1933 572 1975 non
589 1934 695 2001 poterat
710 1937 769 1980 ant.
803 1925 843 1979 Ile
858 1929 1013 1995 cognatione
1030 1933 1169 2012 verborum

45 1999 50 2026 ²
102 2073 106 2083 .
196 2025 246 2067 aut
267 2014 294 2090 ct
319 2025 372 2071 an,
401 2023 477 2078 qnam
497 2009 649 2084 Doelelrius⁴
665 2021 821 2082 negaverat,
848 2012 916 2065 dixit
933 2015 1040 2067 Beicrus
1064 2017 1091 2067 in
1106 2019 1191 2068 Exc.'
1220 2077 1227 2096 Ι

195 2099 238 2151 11.
259 2097 293 2148 ad
307 2097 361 2148 Cic.
378 2096 428 2148 off.
444 2107 469 2164 p:
483 2093 543 2150 857.
557 2097 589 2150 T.
605 2097 629 2147 1.
1110 2111 1111 2114 ¹

232 2203 314 2270 Saepe
336 2193 451 2251 occurrit
482 2216 519 2252 an
548 2204 638 2286 quia»,
662 2195 776 2252 'Mutata
799 2199 926 2256 orationis
956 2200 1041 2257 forma
1062 2201 1170 2256 Tacitus

198 2292 247 2339 An.
268 2282 310 2354 14,
327 2279 352 2336 7.
367 2285 480 2358 longum
501 2283 643 2360 utriusrjne
656 2286 813 2352 silentium,
831 2309 864 2341 ne
883 2291 954 2344 irriti
972 2289 1170 2360 dissuaderent,

197 2389 235 2426 an
252 2389 284 2424 eo
305 2371 463 2424 descensum
485 2367 645 2446 credebant,
665 2383 696 2425 ut
711 2401 745 2414 -
762 2374 931 2444 pereundum
958 2373 1067 2429 Neroni
1090 2390 1170 2432 esset.
1248 2411 1249 2416 =
1328 2383 1334 2400 ⁶

196 2473 246 2529 pro
264 2477 301 2510 an
318 2451 393 2530 quia.

224 2575 260 2646 4.
285 2575 356 2640 Alia'
372 2579 454 2639 sunt.
469 2575 589 2653 rerba,
615 2597 699 2662 qnae
712 2575 846 2641 dubiam
868 2600 941 2643 rem
958 2589 990 2644 et
1010 2581 1172 2668 ambigui·
1202 2578 1207 2638 .'
1232 2577 1235 2580 ¹

128 2674 230 2729 tatem
251 2660 391 2748 aliquam
408 2662 443 2724 in
463 2661 650 2726 discrimine
673 2663 816 2748 positam
839 2663 1004 2737 indicunt,
1032 2667 1173 2755 ideoque
1270 2728 1273 2736 .

130 2751 270 2826 eodem,
294 2761 393 2834 quem
418 2747 484 2810 iam
508 2747 543 2810 in
566 2747 674 2811 verbis
699 2745 857 2820 dubium,
888 2749 1000 2813 nendo
1029 2752 1172 2816 demon-

129 2833 323 2912 stravimus,
339 2831 442 2897 modo
464 2841 711 2918 componuntur
726 2854 801 2895 cum
811 2833 870 2896 -his
884 2834 1053 2920 particulis
1074 2833 1184 2902 dubi-'

131 2922 248 2987 tntivis.
288 2919 416 2984 Eorum
431 2938 564 3004 quoquc
581 2915 733 3004 exempla
747 2927 880 2984 notasse
896 2922 1172 3008 operaepretium

70 3077 73 3082 ,
129 3008 267 3090 videtur.
446 3027 467 3066 »¹
898 3051 906 3058 ·
939 3026 943 3042 “
1155 3047 1156 3052 1

232 3115 289 3180 inv.
303 3124 337 3188 8,
355 3117 399 3186 35,
417 3118 444 3172 4.
460 3122 529 3175 uicit
553 3108 718 3192 disciplina,
729 3125 797 3177 vicit
810 3106 927 3193 imperii
944 3128 1084 3192 maiestas,
1102 3146 1173 3200 quae
1221 3141 1223 3144 '

197 3211 229 3270 in
248 3209 403 3267 discrimine
416 3201 554 3278 fuerunt,
578 3227 616 3285 cn
633 3207 693 3260 ulia
719 3219 787 3280 pust
806 3207 876 3274 banc
901 3210 974 3266 diem
998 3223 1096 3267 essent.
1127 3216 1173 3267 ubi

153 3342 155 3346 .
198 3295 246 3351 alii
267 3297 330 3348 libri
350 3292 444 3356 nulia,
477 3292 549 3362 qnod
576 3294 605 3370 ln
631 3293 757 3346 Cicerone
781 3291 944 3363 probandum
967 3307 1044 3350 esset.
1090 3300 1173 3350 Plaut.

198 3365 345 3444 Most.2,2,
355 3373 398 3430 60.
414 3378 514 3449 pluma
527 3375 603 3430 baud
618 3379 739 3442 interest,
757 3390 894 3450 patronus
909 3401 947 3434 an
961 3382 1045 3436 cliens
1058 3383 1173 3454 probior
1253 3451 1256 3457 y

111 3483 116 3493 ¹
198 3471 253 3522 siet
272 3465 394 3530 homini,
412 3463 478 3534 quoi
495 3471 545 3516 etc.
581 3461 634 3517 cic.
652 3461 773 3516 adFarn.
794 3463 825 3527 1,
843 3461 877 3530 7,
895 3467 938 3518 20.
963 3467 1080 3520 muitum
1100 3472 1173 3523 enim
1218 3531 1226 3538 .

198 3556 331 3612 interest,
350 3561 441 3604 utrum
461 3549 523 3603 iaus
539 3551 736 3612 imminuatur,
756 3569 794 3602 an
810 3549 887 3603 salus
905 3550 1055 3605 deseratur.
1080 3553 1173 3607 Horat.

199 3642 257 3692 Art.
275 3631 378 3706 p.>287.
399 3633 518 3690 cenibil
537 3623 796 3688 interrit·Ducusne
816 3634 944 3708 loquutur
961 3648 990 3690 et
1012 3637 1107 3690 audax
1117 3641 1174 3714 Py.

183 3722 276 3778 ·clrias
295 3731 419 3775 emuncto
440 3719 547 3774 lucrata
571 3721 682 3774 Simone
703 3719 855 3784 talentum,
874 3739 912 3772 an
929 3732 1019 3790 eustos
1035 3719 1179 3792 famulus·'

201 3827 253 3880 que
270 3806 315 3860 dei
333 3804 444 3860 Silenus
464 3805 580 3858 alumni.
614 3807 656 3856 lta
673 3815 715 3856 est
729 3805 880 3872 legendum:
899 3819 960 3857 nam
981 3807 1174 3877 distinguuntur

194 3894 253 3946 ‘dno
269 3899 498 3974 tantum'generar
523 3890 580 3941 Lir.
596 3887 647 3953 28,
664 3881 714 3953 44,
735 3890 767 3942 2.
783 3891 899 3944 multum
920 3895 1046 3955 interest,
1065 3893 1178 3950 alienos

199 3975 446 4051 popularcfines,
466 3985 583 4028 antuus
602 3975 661 4035 uri.
690 3977 814 4050 rescindi
839 3975 944 4032 uideas.
977 3980 1061 4032 Varro
1085 3981 1117 4047 de
1133 3985 1174 4036 Re

200 4081 223 4116 r.
238 4063 272 4127 3,
301 4061 334 4125 2,
361 4060 402 4112 11.
436 4057 504 4131 quid
530 4059 603 4112 enim
633 4053 735 4125 refert,
769 4071 859 4114 utrum
885 4073 999 4133 propter
1030 4081 1119 4132 oues,
1136 4087 1174 4120 un

198 4158 405 4224 propter'aues·
410 4139 538 4216 fructum
556 4143 676 4215 capias?
690 4137 748 4198 ‘ssiu
766 4145 799 4199 de
813 4149 885 4200 Orat.
907 4144 939 4216 Β,
958 4145 992 4200 55
1000 4188 1009 4218 ,
1023 4151 1072 4204 11.v
1085 4148 1180 4222 refers·
