2826 4750
425 391 429 404 .
474 345 540 411 Ac.
584 341 811 411 ACTVTVM.
851 400 852 409 ,
1079 353 1138 414 178

105 497 180 562 sitio
207 499 300 564 enim
321 521 388 564 nec
407 496 566 564 adverbio
587 498 761 586 iungitur,
791 521 852 562 nec
868 501 1139 585 praepositioni:

106 605 232 670 resque
271 596 385 648 antem
416 595 476 648 aut
510 585 721 670 praepositio
752 594 819 658 eet,
851 595 912 648 aut
935 584 1141 650 adverbium.

106 667 145 730 Et
168 669 209 732 ed
228 674 285 750 11,
306 674 381 753 262,
417 691 517 756 quiem
535 667 751 754 praepositio
766 669 1019 754 praepositioni
1040 693 1141 734 nnm-

105 775 203 837 qnam
224 755 427 829 cohaereat,
447 751 637 840 alasque
656 764 689 818 et
705 750 818 817 adas
853 773 901 817 ne
917 752 1060 819 licenter
1074 755 1141 820 ad-

106 837 310 904 missnmeet.
330 839 416 904 Raro
432 847 509 902 sunt
525 836 688 925 exemplo,
700 859 760 901 nec
776 859 791 900 s
855 838 945 902 ciunt
961 840 1001 904 sd
1018 841 1143 905 consti-

106 923 259 988 tuendam
279 923 535 1012 proprietatem,
561 943 660 1008 quam
681 922 788 1010 poetis
806 921 923 986 tribuit
936 923 1144 990 Ruddimun-

108 1027 163 1070 nus
187 1007 232 1073 Τ.
250 1014 282 1072 2.
307 1031 342 1095 p.
360 1012 435 1092 286.
481 1008 591 1072 Etiam
617 1009 779 1090 Gesnerus
800 1007 970 1154 poeticam
1000 1009 1145 1100 appellnt

107 1093 395 1182 transpositionem
409 1091 644 1182 particularum
659 1113 761 1180 usqne
776 1114 799 1155 a
822 1137 831 1156 .

205 1214 248 1265 Ex
264 1213 349 1266 Plauti
364 1213 494 1282 horphitr.
509 1212 541 1276 1,
559 1211 593 1278 1,
612 1209 654 1268 97.
677 1212 803 1264 efferunt:
822 1207 890 1268 laec
908 1211 967 1268 illic
980 1223 1024 1269 est
1037 1229 1145 1286 pagna·

169 1306 201 1349 ta
222 1317 320 1370 pagna
345 1295 468 1370 abasque
482 1315 561 1349 neone
575 1293 618 1348 ad
627 1313 780 1371 vesperum.
804 1297 876 1366 qnod
892 1317 925 1350 ex
940 1299 1052 1368 antiquis
1071 1299 1145 1351 libris

171 1382 336 1456 desumptum
358 1401 414 1455 esse
429 1382 541 1434 videtur.
575 1383 642 1432 Nam
658 1381 734 1449 vulgo
749 1381 860 1450 legitur:
881 1380 948 1436 haec
963 1382 1023 1438 illis
1040 1394 1082 1438 est
1095 1401 1146 1455 pes·
1200 1383 1203 1388 ’
1226 1383 1227 1390 ’

102 1531 107 1538 .
170 1457 268 1538 gnata
283 1484 378 1539 pagna
401 1485 486 1540 usque
502 1485 520 1519 a
535 1484 615 1518 mane
630 1463 669 1518 ad
682 1453 834 1538 vesperam.
855 1467 926 1536 quod
948 1467 998 1520 iem
1016 1469 1147 1520 Gesnerus

173 1552 342 1623 improbavit.
366 1553 440 1621 Virg.
457 1557 522 1604 Aen.
539 1549 572 1614 7,
588 1548 648 1604 288.
674 1560 703 1604 et
724 1549 828 1620 laetam
841 1553 965 1608 Aeneam
980 1552 1148 1625 classemque

128 1625 134 1636 ⁶
172 1657 207 1691 es
227 1637 338 1692 aethere
360 1636 445 1710 longe
471 1635 645 1690 Dardaniam
671 1635 765 1690 Sicula
788 1640 936 1708 prospexit
956 1635 1078 1712 abusque
1096 1637 1149 1690 Pa·

174 1723 280 1796 chyno.
297 1722 386 1773 Anien.
399 1725 469 1773 Aret.
488 1719 546 1772 169.
567 1717 632 1773 inde
648 1723 782 1790 pruinoso
797 1723 821 1774 si
838 1722 929 1776 lamen
943 1719 1066 1794 alasque
1077 1721 1148 1774 Dra·

174 1826 243 1864 cone
254 1812 414 1862 inconnexa
424 1800 528 1875 feras.¹
543 1804 643 1873 Apulei.
659 1806 733 1872 Apol.
751 1825 777 1874 p.
791 1805 852 1869 811,
868 1805 911 1858 80.
930 1807 974 1858 cni
989 1809 1062 1860 enim
1077 1809 1148 1870 cani,

117 1887 121 1893 ⁵
173 1895 219 1946 coi
243 1891 367 1946 valterio
389 1889 576 1944 Alexandrini
598 1886 668 1942 coeli
689 1893 835 1962 quicquam
858 1887 979 1960 abasque
1001 1890 1160 1954 Oeensintw

167 1976 281 2048 finibus
295 1973 433 2029 aboleat?
449 1973 576 2026 Ammine.
595 1975 676 2024 Mare.
692 1973 740 2039 19,
759 1973 784 2024 4.
809 1973 901 2045 Atque
915 1985 948 2026 at
968 1971 1151 2046 Thucydides

175 2065 311 2136 exponit,
336 2059 430 2114 clades
448 2058 511 2123 illa,
534 2075 605 2132 quae
627 2063 657 2114 in
674 2059 904 2136 Peloponnesiaci
922 2056 989 2112 belli
1005 2061 1152 2132 principiis

109 2167 111 2174 ·
173 2143 367 2216 Athenienses
381 2143 479 2200 acerbo
503 2163 601 2217 genere
623 2142 712 2198 morbi
726 2147 869 2208 1111111111,Ι
884 2141 1004 2215 altusque
1024 2139 1155 2224 ferventi
1245 2153 1252 2166 ¹

145 2229 148 2234 ¹
176 2233 352 2305 Aethiopiae
374 2232 466 2302 plaga
483 2227 635 2302 paullatim
656 2247 837 2302 proserpens,
857 2229 981 2284 Atticam
996 2235 1152 2299 occupavit.
1215 2237 1226 2244 '

175 2320 260 2372 salin.
281 2317 376 2387 Polyb.
400 2315 423 2368 1.
439 2314 511 2370 Elin
518 2311 638 2387 altusque
649 2317 771 2388 Sicyone
780 2313 857 2369 mille
872 2313 1089 2370 ducentastadia
1097 2333 1151 2370 uno

120 2396 123 2400 ’
177 2403 225 2458 die
241 2405 419 2456 transierant.
444 2401 504 2456 vid.
519 2401 627 2452 Salmas.
649 2419 676 2470 p.
693 2399 752 2454 838.
772 2401 799 2452 11.
813 2401 844 2452 Ε.

212 2505 348 2574 Singidari
374 2504 453 2556 mode
476 2491 651 2557 Tacitus'An.
677 2500 727 2565 15,
747 2501 790 2557 87.
820 2489 944 2556 volueres
962 2511 992 2556 et
1009 2499 1093 2575 feras
1112 2503 1155 2561 di·

176 2595 267 2646 nersis
285 2611 301 2644 e
322 2589 400 2644 terris
422 2599 451 2641 et
470 2583 606 2642 animalia
617 2589 619 2594 '
631 2591 716 2641 maris
740 2588 852 2643 Oceano
873 2587 994 2661 abasque
1010 2592 1154 2659 petiverat.

185 2673 304 2732 Oceano
317 2673 439 2747 abusque
456 2675 536 2746 igitur
545 2711 553 2739 ,
582 2673 605 2724 si
621 2691 683 2726 vere
697 2683 738 2724 est
752 2673 898 2742 scripture,
918 2691 968 2742 pro
984 2671 1019 2725 ab
1041 2674 1154 2729 Oceano

182 2781 287 2838 nsque:
313 2762 384 2814 cuius
406 2759 531 2811 dictionis
552 2758 635 2810 miror
647 2776 700 2810 non
714 2759 789 2827 plura
803 2767 905 2808 exstare
922 2758 950 2807 in
966 2760 1155 2823 recentioribus

184 2847 356 2916 scriptoribus
387 2845 514 2914 exemplo.
546 2845 666 2894 Ceterum
688 2843 758 2910 qnod
779 2841 900 2892 Heinsius
927 2841 1055 2904 coniecit,
1084 2847 1156 2897 mari

189 2931 304 2986 Oceano
320 2929 442 3003 abusque
455 2915 604 3001 petinerat,
622 2929 741 2998 quodque
758 2926 891 2980 Emestins
909 2935 936 2976 et
946 2927 1076 2978 Gesnerus
1088 2947 1155 2997 pro-

183 3015 327 3080 baverunt,
353 3017 382 3068 iu
408 3028 462 3068 non
483 3013 656 3074 necessarium
678 3031 734 3065 esse
754 3012 865 3064 videtur.
898 3011 1025 3063 Volucres
1046 3022 1073 3064 et
1087 3013 1158 3064 seras

185 3101 254 3152 enim
267 3102 412 3169 Tigellinus
438 3121 452 3153 e
479 3100 589 3154 diversis
603 3098 683 3152 terris
697 3097 861 3168 longinquis,
885 3105 914 3152 et
934 3096 1056 3162 1111111111
1078 3096 1157 3152 mnis

73 3199 76 3208 ·
147 3229 151 3233 .
188 3187 325 3240 exultimo
341 3206 440 3244 oceano
458 3189 594 3260 petiverat.
673 3219 674 3226 1
820 3185 843 3194 “’
986 3191 988 3196 ’
1013 3193 1015 3199 “

546 3389 548 3394 ’
594 3435 694 3526 Ae.

340 3689 342 3694 ,
393 3609 476 3676 vide·
520 3553 719 3676 vocabum
763 3560 894 3685 urere
965 3636 968 3642 -

329 3831 337 3838 .
416 3879 421 3896 .
473 3751 809 3884 Aervrvuu.
865 3804 867 3808 -

207 3950 390 4014 Priscianus
412 3948 463 4013 15.
478 3969 513 4034 pt
533 3949 627 4032 1018.Ι
646 3943 691 4029 (4,
711 3937 778 4023 20.)
795 3937 954 4002 similiter
972 3947 1167 4033 actatum

133 4028 269 4100 derivate
281 4058 317 4098 m
334 4031 445 4098 est'alr
462 4039 573 4108 actu,
596 4027 636 4093 id
656 4038 705 4092 est
727 4025 913 4090 celeritate.
941 4020 1114 4108 Virgilius
1130 4044 1167 4083 in

108 4167 111 4180 ‚
126 4114 194 4218 [Χ.
212 4121 301 4216 Tam
313 4131 384 4218 'eta
422 4113 742 4220 Sosip.'''Cl1oris.'.p
757 4111 837 4216 175.
855 4109 992 4218 nll'epens
1016 4106 1168 4170 eumdem
1248 4141 1250 4148 ι
