2786 4748
184 307 187 314 ’
261 357 325 424 aas
466 355 469 362 ·
594 289 598 304 i
707 349 876 433 avruu.

246 499 248 504 ¹
364 503 808 567 -rlauacn.rt01.2t.·rasom
828 514 958 572 utuntur,
984 496 1067 562 tritu.
1082 517 1203 579 pm
1222 510 1317 564 neunt.

335 613 417 668 neme
433 593 580 650 secuudum
596 591 680 646 ludos
694 591 815 647 reddunt
832 603 925 646 autem
942 592 1051 645 nemini.
1069 590 1098 642 in
1117 591 1160 660 his
1178 607 1236 646 non
1252 610 1316 644 ma-

336 683 378 752 gis
394 685 560 750 opponuntur
582 677 662 730 verbe
678 675 799 732 reddunt
815 685 844 728 et
859 685 979 746 preme
999 691 1076 745 qnam
1095 673 1272 742 simnl'htdr'r
1287 686 1317 729 et

274 769 278 776 “
335 765 485 822 secundum
506 759 595 815 ludor-
626 761 722 814 Bacch.
742 756 777 824 4,,
796 755 1186 832 9,136.i,far=fi1io.·ego
1204 759 1247 814 ad
1264 756 1318 830 fc-

336 843 399 906 ram
423 858 515 902 autem
539 843 601 896 hinc
625 842 682 899 tto.
696 851 698 858 '
714 845 795 896 Poen.
811 839 845 905 5,
864 840 898 907 5,
916 841 960 894 27.
977 840 1046 914 qaid
1066 840 1119 896 riti
1136 848 1247 914 negotii
1264 865 1318 898 au·

336 945 393 990 tem
409 940 452 988 ast
476 945 536 989 cum
561 926 652 981 istac?
677 924 710 992 5,
732 925 766 991 6,
782 925 808 978 7.
827 927 893 998 quid
912 925 963 980 titt
983 945 1086 983 meeum
1108 925 1242 992 auumt,
1255 931 1316 982 Te-

335 1027 403 1071 rent.
420 1015 513 1066 Heaut.
532 1011 557 1077 2,
574 1010 601 1076 8,
621 1010 663 1063 10.
682 999 753 1082 qaas
771 1026 815 1064 res
830 1019 856 1064 to
875 1001 1013 1066 sollicitat
1028 1012 1166 1064 autam2.
1196 1069 1200 1082 ,
1235 1053 1243 1066 .

370 1093 550 1166 Plane-Epic.
565 1091 598 1159 8,
613 1091 647 1156 8,
665 1091 708 1146 39.
727 1109 779 1165 ogo
802 1087 863 1162 illio
874 1112 924 1148 me
939 1105 1034 1166 autam!
1050 1095 1089 1148 sie
1106 1091 1316 1151 assimulabatur

332 1182 418 1256 411αεί
440 1177 596 1239 stolidum.
617 1178 690 1246 capt.
709 1175 744 1243 3,
767 1174 802 1240 4,
821 1175 880 1230 121.
903 1175 963 1236 illie
982 1195 1089 1256 servum
1108 1195 1137 1231 se
1156 1177 1316 1257 assimula-

336 1266 403 1342 tas,
422 1263 467 1320 hic
481 1279 539 1316 soro
553 1268 650 1316 autem
664 1259 795 1326 liberum
822 1254 880 1313 Cas}
896 1261 930 1326 2,
948 1260 983 1328 4,
1000 1259 1043 1319 27.
1056 1252 1158 1330 'si'noip
1176 1262 1316 1332 irupetra·

335 1355 397 1414 utt,
422 1351 506 1406 otiam
529 1345 643 1417 specula
663 1349 692 1401 1¹12
707 1347 810 1403 sortitu
829 1357 871 1400 ost
887 1343 974 1401 mihis
993 1348 1018 1399 rt
1034 1361 1094 1402 sorr
1114 1355 1208 1418 autem
1225 1345 1317 1398 etero-

337 1435 435 1499 lasrit,
454 1431 581 1505 gladium
590 1425 704 1499 faciam
722 1429 862 1496 culcitam,
895 1426 1028 1504 Teneo,
1049 1429 1091 1480 10.
1106 1446 1191 1500 puero
1211 1414 1316 1502 dpu'st

338 1514 444 1584 eibum,
464 1523 595 1590 opas-est
612 1516 806 1572 matriacum
825 1532 895 1585 quae
911 1531 1028 1584 puerum
1047 1511 1130 1567 lavit.
1156 1577 1160 1586 Ι

370 1604 475 1654 Plautus
492 1599 623 1662 seiunxit,
640 1617 706 1668 quae
722 1597 798 1666 vulgo
817 1599 1024 1665 coniunguntur,
1043 1587 1169 1650 vocabula
1186 1605 1248 1650 tum
1260 1617 1314 1652 aa·

337 1697 394 1742 tem
411 1688 481 1738 Pers.
498 1682 531 1749 5,
550 1683 583 1747 ἒ,
602 1681 628 1736 8.
646 1683 689 1735 rin
707 1685 800 1736 antem
818 1685 876 1736 Ges.
893 1681 926 1746 2,
945 1681 980 1747 4,
997 1679 1041 1734 28.

270 1770 465 1838 Oratoribus
481 1777 567 1833 certa
582 1765 708 1830 ratione
724 1766 936 1832 constitutum
953 1773 1032 1846 erat,
1046 1785 1090 1832 ne
1104 1763 1218 1840 sedem
1228 1787 1314 1854 par-

267 1857 386 1922 ticulae
400 1855 485 1923 ultra
500 1851 605 1949 primi
620 1846 768 1914 vocabuli
788 1851 1069 1938 propinquitatem
1082 1861 1309 1915 removerent.

195 1973 199 1988 ‹
270 1940 429 2024 Quaresi
452 1937 530 2024 quid
549 1935 626 1998 huic
651 1934 802 2000 adhaeret
823 1935 1187 2018 necessarium‚·simui
1208 1935 1329 1999 eom?

268 2025 485 2114 prehenditur
500 2020 613 2086 eadem
624 2019 783 2101 notione,
804 2041 865 2084 nec
883 2020 1030 2106 regulam
1051 2019 1179 2084 excedit
1199 2021 1310 2106 parti-

270 2110 361 2185 cula,
386 2111 468 2197 quae
481 2114 560 2194 post
575 2102 762 2169 secundum
776 2114 832 2168 aut
845 2106 980 2172 tertium
998 2103 1194 2169 vocabulum
1207 2105 1308 2169 unius

270 2194 405 2283 quidem
426 2191 573 2260 notionis¹
598 2189 743 2275 ponitur.
784 2187 850 2269 Ita,
876 2189 966 2276 quod
989 2189 1100 2254 mirati
1120 2199 1198 2252 sunt
1223 2191 1307 2255 adeo

268 2275 663 2366 grammaticiln'onnulli,
686 2274 887 2372 praepositio
912 2273 1043 2362 nomini
1069 2272 1244 2354 adhaeret,
1274 2286 1310 2338 et

267 2366 411 2450 negatio,
427 2373 458 2426 et
472 2361 608 2425 verbum
624 2359 776 2424 auxiliare
790 2379 871 2425 asse.
902 2361 1008 2444 Atque
1025 2357 1107 2422 illud
1125 2357 1310 2442 decretum,

270 2449 363 2534 quod
380 2443 574 2512 Schaeferus
595 2443 636 2507 ad
657 2443 740 2508 Ptin.
758 2441 862 2521 Epist.
887 2443 922 2508 in
936 2441 1076 2508 Praefat.
1097 2465 1133 2529 p.
1152 2449 1204 2506 11.
1220 2465 1308 2529 pro·

267 2532 397 2620 posuit,
419 2529 516 2622 multi
539 2529 593 2592 alii
615 2527 855 2614 probaverunt,
876 2526 1085 2592 insomniis
1106 2537 1156 2592 eat
1178 2539 1308 2608 autem,

266 2629 318 2683 est
347 2615 438 2681 euim
465 2611 647 2677 secundum
678 2611 828 2676 omnium
856 2613 1056 2698 scriptorum
1090 2633 1310 2678 communem

267 2699 539 2766 consuetudinem
566 2695 761 2786 particulam
782 2696 881 2760 tertio
903 2695 979 2762 loco
1003 2695 1193 2784 ponendam
1225 2719 1319 2778 esse,

267 2807 389 2873 cosque
403 2785 496 2850 locos
513 2782 632 2869 corrigi
650 2781 767 2846 debere
785 2803 918 2858 omnes,
939 2783 976 2845 in
999 2781 1116 2868 quibus
1142 2804 1179 2846 ea
1200 2783 1307 2846 verbo

266 2872 468 2937 substanh‘vo
517 2867 679 2956 raepo'sita
695 2867 904 2956 reperiatur,
929 2865 965 2930 id
986 2868 1055 2953 ipsa
1080 2868 1208 2930 ratione
1231 2886 1309 2949 sua,

264 2978 370 3038 nepa
387 2892 560 3020 Schaeiiro
583 2952 748 3040 exposita,
769 2949 811 3016 aii
835 2960 971 3014 uantum
984 2949 1203 3037 restringitur.
1237 2951 1305 3018 Vbi

266 3041 356 3106 enim
371 3040 506 3106 verbum
523 3061 593 3104 ease
616 3047 671 3101 aut
693 3056 769 3100 cum
794 2973 951 3100 adiectivo
965 3045 1033 3098 'ant
1055 3055 1131 3100 cum
1155 3035 1306 3100 aliero·

266 3124 383 3192 cabulo
400 3125 435 3188 in
451 3146 552 3190 unam
566 3123 740 3187 notionem
764 3119 848 3201 coit,
878 3121 991 3184 tertius
1005 3119 1097 3184 locus
1114 3130 1146 3184 et
1166 3130 1306 3206 quartus

289 3231 329 3274 ro
352 3209 494 3274 secundo
518 3216 744 3274 numerantur.
801 3203 844 3269 Et
867 3205 1068 3271 Goerenzius
1091 3203 1132 3270 ad
1165 3205 1236 3268 Cic.
1262 3205 1306 3270 de

263 3231 336 3362 itu.
352 3300 391 3372 2,
410 3298 430 3357 7
438 3321 449 3375 ‚·
465 3300 517 3359 21.
538 3315 573 3380 p.
593 3294 665 3357 148.
686 3287 890 3354 asseverandi
905 3289 991 3369 vim,
1039 3289 1098 3357 uae'
1111 3289 1146 3353 in
1161 3287 1214 3352 his
1231 3287 1306 3354 for-

262 3378 360 3446 mulis
377 3387 549 3467 appareat,
573 3387 728 3442 nontam
743 3395 786 3439 ex
805 3374 877 3460 ipsa
897 3309 1056 3460 particuia
1080 3371 1226 3461 pendere
1248 3375 1304 3438 di-

264 3465 326 3540 cit,
361 3485 462 3550 quam
491 3462 581 3550 quod
611 3460 752 3526 verbum
773 3458 1010 3526 substantivum
1040 3479 1117 3524 cum
1148 3457 1304 3545 pondere

261 3549 502 3637 praemittatur.
545 3547 649 3632 Eique
671 3545 845 3610 assentitur
864 3543 996 3609 Beierus
1012 3543 1061 3608 ad
1082 3541 1148 3608 Cic.
1173 3541 1215 3608 de
1232 3543 1303 3610 Off.

263 3640 301 3714 1,
321 3639 375 3699 86.
391 3657 426 3721 p.
443 3635 517 3698 269.
535 3642 567 3696 et
581 3641 668 3695 recte
690 3628 839 3715 quidem:
861 3625 986 3713 repleta
1008 3627 1097 3692 enim
1120 3626 1214 3692 verbi
1235 3650 1303 3693 no-

259 3720 353 3783 tione
371 3741 408 3784 ao
424 3717 533 3783 forma
549 3725 683 3802 augetur
698 3715 745 3778 vis
761 3715 840 3786 eius.
862 3711 971 3792 Quare
985 3711 1207 3798 distinguendi
1223 3725 1305 3778 sunt

258 3802 284 3868 ii
298 3803 382 3879 loci,
404 3804 440 3868 in
455 3802 573 3890 quibus
588 3823 657 3865 esse
675 3799 700 3864 s'
725 3796 834 3863 nificat
855 3819 930 3862 vere
951 3819 1040 3878 esre,
1065 3808 1219 3862 eastare:
1242 3801 1306 3884 qui

258 3907 379 3955 vereor
396 3898 434 3950 ut
453 3888 551 3952 multi
569 3885 646 3952 sint.
687 3883 838 3964 h'orum
860 3879 1038 3948 verborum
1069 3881 1224 3979 exempla
1244 3895 1305 3948 aut

228 3985 234 3997 '
256 3971 349 4040 nuile
363 3973 593 4070 reperiuntur,
611 3979 667 4036 aut
679 3967 845 4033 rarissima
864 3966 1017 4032 etdubia.
1052 3963 1092 4032 In
1104 3966 1190 4034 Livii
1203 3963 1303 4034 libris

255 4056 387 4122 nullum
400 4058 563 4122 mvenisse
585 4075 621 4120 se
642 4062 755 4118 narrat
769 4049 1025 4118 Drakenborch.
1047 4050 1090 4118 ad
1111 4054 1155 4136 6,
1179 4055 1248 4138 17,
1269 4059 1304 4120 3.

255 4141 412 4214 ueterum
426 4140 517 4240 cord.
531 4140 664 4231 quaein
677 4155 765 4209 uum
782 4136 903 4208 dicturi
919 4153 1041 4215 sumus.
