2866 4754
622 313 827 384 stt?
1111 323 1176 390 ccc

137 481 207 536 tuta
227 469 360 558 antique
375 467 538 558 scriptura
561 470 709 537 eluceat.-
731 491 810 536 nam
827 469 943 537 Cicero
959 490 1028 539 non
1044 485 1177 562 poterat

138 558 273 622 dicerer
287 579 356 622 nou
377 575 480 642 caepe
505 567 537 620 et
560 581 628 622 non
646 557 732 621 sutis
754 557 824 622 scio
847 579 894 621 an
919 581 1096 646 umquam,
1119 563 1176 627 sed

46 677 51 684 ·
136 644 245 730 potius
263 666 331 707 non
346 663 449 790 saepe
463 652 496 705 ct
512 642 582 706 nisi
585 640 699 740 fallor
720 663 913 740 numquam.
954 644 1090 709 Restant
1111 648 1176 735 igi·

136 738 192 792 tur
209 739 396 796 tantummo
421 726 572 807 oiiloci,
589 749 624 791 ιιι
647 725 763 814 quibus
781 729 894 792 Cicero
909 749 982 793 non
994 730 1080 794 inter
1106 733 1197 796 osi·-

17 890 19 894 y
136 814 177 877 tis
193 814 262 877 istis
277 811 444 878 vocabulis
466 833 642 898 umqum,
677 811 765 876 ullus
787 833 848 898 per
868 813 967 880 verba
988 815 1057 880 hau
1105 817 1176 881 scio

136 921 184 964 un
213 897 424 983 negotionem
452 897 649 984 expressisse
677 896 842 962 videaturs
876 897 925 966 de
946 919 1010 986 qua
1042 921 1079 966 re
1110 900 1175 968 vid.
1201 941 1202 948 ι
1242 938 1270 969 .·
1296 967 1303 978 ,

136 1003 172 1068 p.
189 985 264 1048 814.
284 984 327 1062 'At
348 981 449 1056 dead.
474 987 514 1063 2,
535 980 597 1063 40,
620 984 693 1046 126.
717 999 783 1130 ‹puo
805 980 912 1046 modo
934 984 1091 1070 explicari
1117 985 1177 1050 de·

135 1068 228 1149 beat,
250 1067 320 1130 dixi
335 1088 372 1154 p.
394 1067 471 1132 816.
490 1066 573 1132 ulter
594 1075 705 1130 eutem
743 1085 822 1128 ocus
843 1065 878 1128 in
901 1088 937 1130 ee
963 1071 1115 1136 erutione
1135 1070 1177 1136 de

123 1151 302 1239 haruspio.
317 1171 406 1240 resp.
417 1151 557 1249 iegitur,
579 1151 671 1216 ouius
696 1149 736 1214 de
757 1158 892 1214 auctore
903 1151 946 1215 ob
961 1151 1027 1218 boo
1043 1175 1178 1243 quoque

136 1229 368 1326 argumentu'm
384 1236 535 1302 dubitare
551 1236 639 1301 licet.
649 1289 660 1308 ,.
683 1235 796 1316 Quare
814 1255 898 1300 unns
915 1245 946 1300 ct
960 1235 1077 1304 firmus
1093 1263 1176 1310 oon·

133 1331 221 1387 stare
239 1321 365 1388 videtur
378 1322 545 1386 Ciceronis
561 1343 650 1387 usus.
691 1319 776 1385 Illud
788 1329 899 1384 tamen
916 1324 1096 1390 cauendum
1114 1335 1175 1408 est,

131 1427 259 1472 nectem
267 1406 432 1472 Lambino
447 1407 487 1472 od
496 1407 561 1472 Cic.
578 1406 737 1472 deAmic.
747 1409 779 1470 6.
792 1416 907 1470 etcum
917 1406 1120 1474 Ruhnkenio
1134 1411 1182 1493 ad

132 1493 254 1558 Muret.
269 1493 335 1581 Op.
354 1498 384 1557 1.
432 1493 534 1557 «341.
555 1493 710 1557 omnibus
725 1491 941 1578 scriptoribus
959 1495 1097 1558 omnino
1114 1496 1176 1560 tri·

131 1577 291 1652 bnamus,
330 1515 429 1664 quop
445 1578 597 1642 Ciceroni
622 1577 674 1644 vel
702 1578 761 1642 uni
783 1577 837 1642 vel
861 1599 936 1642 cum
958 1579 1072 1665 paucis
1092 1589 1177 1666 pro·

85 1686 94 1696 ·
130 1665 244 1751 prium
269 1672 350 1728 erat.
395 1663 605 1736 Recentiores
632 1663 721 1730 enim
748 1664 925 1751 scriptores
949 1663 1178 1738 consuetudini
1247 1683 1250 1686 ·

134 1749 296 1823 sermonis
307 1747 450 1836 vulgaris·
465 1749 587 1835 aliquid
603 1747 808 1819 concessisse
819 1748 977 1830 videntur,
988 1747 1087 1835 idque
1095 1771 1131 1815 se
1141 1749 1176 1815 in

132 1855 261 1900 morem
283 1833 475 1900 vernaculae
499 1843 629 1919 nostrae
650 1834 785 1920 linguae*
801 1843 973 1920 tantopere
990 1835 1176 1917 insinuavit,

131 1930 170 1982 ut
187 1917 240 1994 ,vel
254 1919 298 2001 ii,
320 1918 376 2006 qui
403 1919 568 1984 Ciceronis
614 1929 767 2006 raecepta
789 1919 831 1982 ad
856 1919 1040 1984 universam
1062 1915 1176 1986 latini·

130 2014 238 2078 tatem
248 2003 429 2094 referrent,
452 1942 627 2091 aliquando
646 2005 682 2070 in
698 2004 924 2092 pervulgatam
938 2004 1025 2070 viam
1043 2005 1175 2072 aberra·

105 2143 108 2158 .
130 2101 218 2156 rent.
241 2108 245 2112 ’
262 2091 316 2156 Sic
334 2089 447 2168 ποιοίη
464 2114 511 2156 cn
526 2113 685 2178 umquam
710 2089 914 2177 scripserunt
935 2088 1115 2156 Ruhnken.
1140 2091 1178 2155 ιιι

128 2177 218 2242 notis
245 2175 285 2240 ad
306 2173 408 2242 Rutil.
433 2176 518 2262 Lup.
542 2181 648 2274 put.
670 2175 843 2256 Ernestius
864 2176 900 2239 in
915 2175 1106 2255 Dedicato
1133 2199 1169 2263 p.

132 2263 239 2328 Cicer.
253 2283 288 2349 p.
303 2262 356 2327 55.
381 2260 421 2326 In
435 2261 557 2327 Mureti
575 2261 669 2326 Orat.
685 2265 735 2326 19.
757 2282 793 2348 p.
808 2261 884 2346 341.
904 2199 1132 2326 correxitRub

129 2345 269 2424 laenius,
298 2345 334 2411 in
354 2345 544 2414 Ruhnkenii
562 2346 667 2434 ›Elog.
683 2345 909 2414 Hemsterhus.
920 2345 1177 2430 Lindemannus.

128 2433 208 2499 vid.
237 2429 360 2498 Krcstii
382 2431 482 2498 editio
508 2456 545 2520 p.
569 2438 647 2498 807.
674 2442 707 2498 et
728 2437 803 2498 809.
852 2432 1007 2496 Ceterum
1029 2433 1175 2499 mirabili

129 2539 209 2584 casu
226 2515 432 2598 factumest,
456 2519 553 2584 utin
575 2519 669 2584 nullo
693 2517 770 2582 loco
796 2518 884 2605 apud
906 2519 1101 2604 Ciceronem
1127 2541 1176 2584 au

129 2603 220 2680 nihil
235 2613 267 2667 et
283 2627 331 2668 cn
346 2604 457 2670 nullate
470 2627 542 2670 non
557 2603 818 2691 discrepantibus
842 2603 1011 2670 codicibus
1032 2605 1171 2692 legatur.

128 2689 377 2838 Lopuutionem
399 2689 495 2754 dated
515 2691 585 2756 scio
608 2714 657 2756 un
680 2711 766 2763 nnn,
804 2688 840 2752 in.
869 2690 983 2774 quasi
1006 2711 1074 2757 nou
1097 2711 1175 2754 cum

1133 2281 1176 2326 n-
1289 2315 1302 2324 .

128 2789 189 2840 uer¹
213 2775 474 2856 oconiunxcris,
497 2775 580 2841 nihil
597 2775 676 2850 erit,
701 2772 790 2859 quod
807 2771 1047 2860 reprehendas,
1069 2774 1174 2861 Berg·
1223 2785 1226 2788 “
1304 2771 1315 2784 '

128 2881 273 2926 mannus
290 2861 325 2926 in
339 2860 503 2925 Addendis
519 2861 559 2926 ed
581 2857 774 2924 Ruhnkenii
791 2857 917 2944 Opusc.
934 2871 970 2944 p.
987 2861 1080 2923 1028.
1102 2880 1185 2923 non-

130 2946 373 3026 ciccronianam
389 2945 491 3011 videri
514 2955 627 3034 putot,
663 2941 807 3008 confusis
832 2942 1034 3009 diversarum
1061 2963 1175 3010 rerum

129 3031 320 3098 momentis.
361 3031 445 3097 Vide
459 3053 522 3095 nos
565 3035 671 3096 ‚522
1134 3079 1138 3086 ι

216 3123 267 3182 12.
298 3117 350 3182 De
370 3117 472 3181 verbo
489 3055 628 3199 dubito,
657 3114 748 3202 quod
774 3133 851 3178 cum
880 3137 927 3178 an
950 3112 1173 3202 componitur,

131 3210 166 3266 ct
182 3225 200 3267 a
215 3203 434 3290 grammaticis
451 3203 491 3267 ud
508 3201 793 3280 easdemrationes
809 3220 885 3263 cum
899 3197 1045 3264 formula
1062 3201 1174 3265 nescio

132 3309 181 3351 an
198 3287 356 3370 refertur,
378 3290 440 3352 tria
459 3299 537 3353 sunt
552 3286 706 3352 notanda.
748 3288 795 3350 Ac
814 3287 925 3374 primo
950 3284 1014 3349 hoc
1036 3287 1174 3350 verbum

132 3370 251 3438 dubito
274 3395 344 3437 non
368 3373 435 3437 abit
456 3380 492 3440 in
522 3373 703 3438 formulam
718 3382 787 3436 tam
811 3381 933 3435 certam
956 3393 993 3436 ac
1013 3370 1174 3452 stabilem,

130 3469 171 3522 ut
205 3480 276 3524 non
305 3458 453 3523 secunda·
474 3479 606 3546 quoque
637 3469 671 3522 et
702 3458 797 3521 tertia
811 3458 964 3543 ‘persona
985 3466 1173 3543 usurpetur.
1245 3481 1255 3496 ³

40 3567 45 3574 ·
130 3543 259 3610 Deinde
274 3545 424 3610 omnium
438 3555 631 3632 temporum
650 3541 836 3621 communis
853 3551 902 3605 cst
915 3563 1003 3622 usus,
1023 3562 1089 3628 quo
1106 3540 1173 3605 du-

131 3627 201 3695 tito
218 3655 266 3695 an
282 3630 320 3693 ad
337 3627 590 3695 affirmationem
607 3627 799 3716 simpliciter
810 3637 864 3692 out
882 3648 957 3690 cum
974 3627 1080 3716 aliqua
1098 3649 1175 3691 mo·
1220 3663 1225 3673 ι

132 3714 234 3780 destia
251 3714 441 3795 adhibetur3
465 3719 521 3781 ubi
536 3718 582 3795 is,
603 3715 661 3800 qui
675 3736 710 3778 se
733 3712 880 3776 dubitare
903 3712 1002 3796 dicit,
1030 3715 1174 3810 pronior

99 3843 104 3848 -
132 3799 174 3865 cd
189 3799 465 3878 affirmationem,
488 3801 657 3888 intelligit,
690 3817 807 3886 parum
829 3795 956 3872 ubesse,
986 3817 1065 3884 quin
1089 3797 1174 3862 dicat

131 3884 184 3950 vel
197 3885 311 3952 faciat.
349 3886 424 3950 Vid.
440 3883 626 3973 Hottinger.
652 3883 693 3948 ad
709 3881 775 3948 Cic.
791 3882 832 3945 de
849 3881 923 3946 Dic.
946 3873 983 3963 i,
1004 3888 1035 3948 8.
1061 3905 1096 3982 p.
1121 3888 1172 3947 11.

131 3970 327 4058 Heusinger.
344 3980 377 4035 ct
391 3970 541 4036 Bromius
564 3970 605 4034 ad
622 3968 756 4034 Corncl.
769 3965 895 4031 Thrae.
914 3973 950 4042 1,
975 3971 1004 4030 1.
1025 3989 1080 4054 qur
1095 3989 1173 4048 mo-

133 4055 260 4122 destam
276 4055 534 4123 affirmationem
553 4056 646 4120 omni
671 4053 875 4117 dubitatione
896 4063 1084 4141 exemptam
1110 4075 1173 4142 ap·
1278 4121 1281 4126 ,

134 4142 244 4230 pellat.
297 4145 405 4233 Atque
426 4142 608 4231 Heusinger
631 4139 666 4206 id
686 4137 890 4226 frequentius
912 4135 985 4204 fieri
1006 4149 1117 4207 narrat
1139 4139 1193 4204 in·
1261 4181 1265 4196 .
