2866 4754
208 369 211 374 ·
272 355 337 420 ssa
394 375 398 386 ·
731 333 862 402 aura.
929 317 934 328 '

276 549 281 556 -
358 507 391 568 2.
422 499 508 565 Haec
525 491 638 558 eadem
653 500 702 553 est
719 510 850 570 caussa,
883 493 1088 576 quapropter
1114 496 1196 550 onte
1219 485 1260 550 de
1282 509 1323 552 rc

254 576 258 581 V
277 592 347 659 aliia
361 581 579 676 praeferenda
598 588 629 641 at
645 577 686 640 de
700 574 896 662 praestantia
912 582 1106 660 usurpatur:
1130 569 1220 635 unde
1235 571 1321 636 dioi-

181 665 203 696 ”
275 691 331 743 tur
349 684 428 740 ante
441 668 592 753 aliquem
614 685 685 726 esse
707 671 742 724 et
765 660 893 725 similia.
945 660 1061 725 Cicero
1089 677 1253 741 nusquam
1274 659 1320 722 ita

273 765 431 849 loquutus
461 763 519 817 est.
569 748 633 814 Alii
663 747 744 812 adeo
771 757 851 812 anta
876 768 940 834 pro
970 745 1086 832 magis
1117 764 1221 837 quapa
1251 751 1320 831 po-

219 847 221 852 ’
275 853 437 931 suerunt-¹
1183 857 1185 872 ¹
1320 863 1322 868 ·

191 956 194 964 ’
376 961 480 1014 Sallust.
500 953 576 1006 Catil.
595 949 646 1016 53,
663 948 689 1004 3.
707 945 852 1020 facundia
872 947 1011 1012 Graecos,
1039 946 1132 1020 gloria
1153 943 1223 1001 belli
1247 945 1318 1001 Gal·

273 1048 277 1060 '
343 1047 387 1102 lor
406 1055 472 1098 ante
489 1041 634 1094 Romanos
647 1033 752 1106 faisse.
788 1035 833 1088 nbi
855 1031 1185 1096 nuenarianam,
1207 1027 1317 1095 14,11.

341 1145 399 1186 tam
417 1149 459 1182 me
475 1143 540 1178 vero
559 1133 587 1178 et
604 1133 671 1176 ante
686 1119 885 1186 Alexandrum,
907 1128 1016 1175 stante
1036 1115 1190 1189 Pyrrham,
1209 1127 1237 1176 et
1253 1129 1317 1172 ante

275 1243 279 1250 ·
341 1232 434 1272 omnes
453 1211 528 1264 aiios
546 1210 726 1286 imperatorep
746 1224 813 1260 esre.
848 1207 919 1276 curt.
938 1203 972 1268 7,
988 1201 1023 1268 7,
1043 1202 1084 1254 10.
1101 1202 1152 1256 red
1169 1204 1316 1256 necessitas

341 1315 408 1356 anre
422 1299 558 1350 rationem
579 1304 630 1348 est.
651 1293 697 1345 nbi
721 1290 774 1342 viti.
791 1291 903 1341 Locren.
920 1287 954 1352 8,
970 1286 1003 1351 7,
1022 1285 1063 1339 13.
1083 1288 1185 1358 siquis
1204 1287 1315 1341 deornm

339 1381 406 1439 ante
427 1375 520 1436 lovem
540 1376 700 1439 haberetur,
714 1372 866 1445 fastidires
882 1374 967 1427 etiam
987 1373 1089 1426 lovem-
1123 1374 1189 1422 Stat.
1208 1372 1314 1434 silas,

342 1470 375 1534 6,
396 1466 440 1521 35.
459 1463 538 1519 illias
553 1479 627 1515 ‘unns
651 1470 718 1514 ante
739 1459 836 1524 decor,
863 1467 994 1530 quantam
1010 1455 1152 1527 praecedit
1172 1455 1250 1510 clara
1267 1462 1316 1512 mi·

340 1571 420 1608 nores
444 1549 511 1602 lana
524 1543 619 1616 faces.
653 1544 768 1599 luvenal.
785 1542 823 1610 8,
838 1543 882 1597 22.
898 1541 949 1596 laos
971 1553 1037 1595 ante
1054 1539 1165 1614 effigies
1180 1544 1317 1596 maiorum

338 1657 413 1713 pone
430 1646 548 1706 tuorum.

343 1787 345 1800 ,
374 1740 468 1793 Balbus
488 1737 516 1787 in
535 1734 589 1800 Οἱς.
606 1735 654 1802 up.
673 1733 706 1784 acl
722 1735 775 1784 Art.
795 1729 828 1797 8,
847 1727 889 1782 15.
903 1747 982 1800 quem
999 1738 1065 1783 anta
1084 1747 1127 1784 me
1144 1727 1245 1802 diligo.
1268 1731 1315 1783 oi-

336 1841 459 1878 ceronem
479 1820 623 1889 respiciens
640 1817 810 1872 schwartzius
835 1817 935 1868 tirones
959 1814 1077 1880 monuit,
1103 1832 1136 1866 ne
1153 1815 1222 1866 hunc
1241 1826 1316 1868 usum

181 1901 183 1914 ¹
274 1941 277 1948 ·
339 1921 438 1961 temera
454 1907 634 1958 imitarentur:
664 1903 735 1971 qnod
755 1900 985 1971 reprehensionem
1011 1899 1157 1952 Fasciolati
1180 1911 1207 1952 ct
1227 1903 1315 1954 Erne-

340 1994 385 2045 stii
404 2009 457 2049 non
476 1991 555 2058 capit.
589 1991 698 2057 Neque,
721 2005 798 2057 quem
813 1987 857 2038 hio
874 1984 979 2048 laudat,
1000 1984 1107 2036 Plantas
1124 1986 1162 2036 ita
1179 1987 1235 2040 ullo
1253 1988 1314 2040 loco

338 2079 407 2132 dixit
422 2085 528 2147 praeter
553 2074 679 2124 formulas
704 2083 772 2127 ante
794 2071 885 2133 alios,
912 2079 978 2124 ante
1004 2075 1107 2125 omnia.
1149 2073 1217 2124 Nam
1243 2074 1315 2140 quod

273 2193 276 2217 t
337 2165 415 2229 vulgo
440 2161 537 2228 legitur
561 2159 648 2210 Casio.
672 2158 744 2211 Prol.
768 2156 794 2210 8.
823 2158 939 2227 antiqua
964 2173 1051 2225 opera
1079 2165 1106 2208 et
1129 2155 1214 2209 verba
1230 2176 1315 2231 quom

186 2265 187 2273 ¹
285 2275 288 2282 Δ
337 2245 419 2300 vobis
437 2242 567 2314 placent,
585 2261 702 2314 aequom
718 2239 829 2312 placere
846 2251 971 2328 atalante
988 2251 1093 2294 veteres
1105 2236 1237 2309 fabulas.
1259 2259 1315 2293 non

336 2348 389 2383 ano
407 2329 512 2381 nominc
534 2338 682 2397 suspectum
706 2328 816 2380 ridetur.
859 2328 1085 2394 Interpretantur:
1106 2326 1195 2395 prius,
1221 2319 1315 2394 inagis,

336 2415 433 2484 potins.
466 2413 610 2464 Absurdam
635 2431 691 2466 esse
711 2412 777 2464 dicit
790 2410 998 2482 ¹Bothiue-hanc
1023 2413 1194 2464 sententiam:
1220 2414 1314 2482 quibus

336 2499 444 2566 antiqua
459 2497 539 2550 verbs
553 2497 692 2565 placeant.
710 2496 793 2564 magia
810 2496 843 2548 iis
861 2493 979 2566 acceptas
1004 2515 1061 2550 esso
1087 2498 1184 2550 debere
1209 2507 1313 2550 veteres

271 2629 276 2641 ‚
336 2583 453 2648 fabulas,
479 2580 553 2650 quasi
566 2598 623 2639 ¹non
649 2582 699 2633 hae
716 2581 787 2649 ipsae
809 2597 842 2631 ex
860 2583 975 2650 antiquis
1001 2583 1087 2636 vorbis
1113 2592 1243 2634 constent.
1278 2587 1315 2634 At

274 2696 281 2722 2·
335 2667 389 2720 dici
407 2657 527 2735 polcrat:
548 2685 628 2735 quum
648 2665 736 2718 omnia
753 2674 843 2716 vetera
863 2683 943 2734 opera
961 2677 990 2718 et
1007 2668 1087 2720 verba
1103 2667 1178 2720 robis
1195 2661 1311 2736 plicent,

337 2770 447 2821 aequum
464 2761 504 2803 est
522 2763 583 2804 ante
598 2751 650 2808 alia
669 2751 773 2820 placere
789 2761 892 2803 veteres
911 2751 1022 2815 fabulas,
1038 2771 1104 2822 quac
1114 2753 1189 2804 novis
1202 2770 1312 2805 comoe-
1420 2769 1421 2774 ’

333 2837 385 2888 diis
407 2837 528 2906 pessimis
562 2845 696 2904 praestant
723 2835 814 2887 multo.
855 2836 929 2890 Ante
955 2836 1036 2902 igitur
1058 2848 1218 2891 asset-ante
1241 2836 1311 2892 alia.

333 2921 385 2974 Sed
401 2922 533 2975 Acidaliae
550 2921 699 2973 emandavit
713 2931 824 2983 antem,
853 2921 925 2989 quod
944 2922 1038 2971 Parcus
1056 2932 1084 2973 et
1102 2923 1211 2975 Bothius
1230 2942 1310 2976 rece·
1418 2963 1420 2970 .

332 3017 437 3076 parunt.
474 3006 693 3060 ConiNorstius
717 3005 749 3057 tls
766 3005 853 3058 Latin.
879 2991 947 3058 falso
961 3022 1042 3075 ¹stirap.
1072 3026 1099 3076 p.
1116 3006 1177 3062 224,
1214 3010 1311 3062 Graeci

272 3109 303 3171 J·
334 3091 425 3158 (11911111
440 3087 505 3175 πρό.
521 3093 575 3144 vid.
592 3091 753 3144 Freinshem.
774 3090 802 3142 in
822 3089 877 3141 ind.
898 3092 971 3152 (luri.

272 3255 276 3262 .
349 3199 382 3258 3.
415 3191 664 3260 Recentioribus
690 3191 906 3280 scriptoribus
932 3202 959 3258 at
984 3193 1091 3280 poetis
1114 3215 1307 3259 communes

264 3289 341 3344 eunt
357 3277 521 3345 formulae
544 3289 624 3344 anta
647 3277 756 3357 alios,
789 3289 869 3342 ante
893 3299 1024 3359 omncs,
1055 3290 1136 3344 ante
1159 3292 1306 3355 carnotas,

265 3375 346 3432 onte
370 3374 512 3441 cataros,
540 3362 715 3450 inquibus
741 3362 856 3428 Cicero
877 3385 1060 3464 numquam
1082 3364 1194 3457 posuit
1217 3377 1307 3430 arcte.
1418 3429 1419 3440 ,

264 3451 521 3536 Coniunguntur
536 3471 611 3513 cum
629 3448 813 3529 adiectivis3
826 3467 895 3535 ‘pro
910 3471 1026 3536 magea
1042 3471 1162 3538 qnam,
1180 3460 1214 3514 ct
1230 3473 1306 3514 cum

263 3535 488 3624 comparativo
501 3546 539 3633 ot
553 3533 752 3633 superlativo
767 3533 1019 3632 inlabundautia
1036 3535 1224 3612 verborum,
1250 3536 1307 3601 sed

262 3622 380 3686 rarius.
422 3620 509 3685 Alibi
524 3618 685 3708 significat
693 3629 899 3706 praeceptae,
918 3621 1137 3705 praesertim.

272 3754 276 3767 ’
364 3740 447 3803 Plant.
464 3737 586 3804 Trin.4,
606 3739 638 3802 1,
656 3736 682 3790 5.
699 3747 784 3809 atque
801 3755 869 3808 ego,
897 3735 1045 3810 Neptune,
1071 3738 1124 3795 ribi
1144 3749 1210 3793 ante
1229 3737 1306 3792 alios

273 3845 275 3854 ·
329 3819 397 3876 deos
413 3831 521 3896 gratias
547 3842 603 3896 ago
625 3833 708 3894 atque
724 3821 812 3877 habco
833 3839 961 3877 summae.
997 3823 1305 3887 0vid.Met.10‚1to.

270 3917 275 3940 ¹
327 3906 378 3960 ted
397 3918 572 3963 tamen-'ante
589 3908 662 3960 alios
682 3931 713 3947 ·-
730 3916 827 3978 gratus
844 3917 920 3970 erat.
942 3908 1111 3981 Cyparisso,
1131 3891 1192 3962 tibi.
1218 3909 1306 3966 Plaut.

310 3992 406 4042 ¹·Asin.·
416 3991 440 4054 ⁵,
459 3993 495 4054 2,
506 3991 531 4045 8.
550 3994 619 4046 scito
639 3989 721 4046 illum
739 4004 805 4046 ante
820 4009 919 4048 omnes
935 3995 1041 4052 minimi
1055 3993 1201 4048 mortalem
1219 3998 1305 4064 preci.

325 4077 382 4129 Liv.
400 4079 433 4142 1,
450 4077 483 4143 9,
502 4075 543 4130 12.
560 4097 659 4142 unam,
682 4075 766 4149 longe
781 4090 847 4133 ante
870 4077 946 4132 altas
971 4079 1062 4148 specie
1092 4098 1126 4132 aa
1150 4077 1305 4149 pulchritu-
1417 4115 1418 4142 t

324 4161 392 4242 dine
409 4167 546 4236 insignem
561 4191 595 4208 -
612 4159 725 4238 rapiam
737 4158 858 4236 ferant..
873 4163 1049 4232 virgiuum.
1068 4161 1173 4231 2321.
1190 4179 1207 4218 ο
1218 4145 1306 4234 felia
1417 4151 1418 4160 ¹
