<?xml version="1.0" encoding="UTF-8"?>
<!DOCTYPE html PUBLIC "-//W3C//DTD XHTML 1.0 Transitional//EN"
    "http://www.w3.org/TR/xhtml1/DTD/xhtml1-transitional.dtd">
<html xmlns="http://www.w3.org/1999/xhtml" xml:lang="en" lang="en">
 <head>
  <title>
</title>
<meta http-equiv="Content-Type" content="text/html;charset=utf-8" />
  <meta name='ocr-system' content='tesseract 3.04.00' />
  <meta name='ocr-capabilities' content='ocr_page ocr_carea ocr_par ocr_line ocrx_word'/>
</head>
<body>
  <div class='ocr_page' id='page_1' title='image "./ferdinandihandi01handgoog_0308.png"; bbox 0 0 2858 4750; ppageno 0'>
   <div class='ocr_carea' id='block_1_1' title="bbox 604 367 1153 452">
    <p class='ocr_par' dir='ltr' id='par_1_1' title="bbox 604 367 1153 452">
     <span class='ocr_line' id='line_1_1' title="bbox 604 367 1153 452; baseline -0.004 2"><span class='ocrx_word' id='word_1_1' title='bbox 604 367 680 442; x_wconf 73' lang='lat' dir='ltr'><strong>AM·</strong></span> <span class='ocrx_word' id='word_1_2' title='bbox 1012 401 1015 408; x_wconf 49' lang='lat'><strong>¹</strong></span> <span class='ocrx_word' id='word_1_3' title='bbox 1089 385 1153 452; x_wconf 79' lang='lat' dir='ltr'><strong>tas</strong></span> 
     </span>
    </p>
   </div>
   <div class='ocr_carea' id='block_1_2' title="bbox 7 527 1253 3352">
    <p class='ocr_par' dir='ltr' id='par_1_2' title="bbox 7 527 1167 1988">
     <span class='ocr_line' id='line_1_2' title="bbox 118 527 1154 624; baseline -0.001 -21"><span class='ocrx_word' id='word_1_4' title='bbox 118 534 171 603; x_wconf 80' lang='lat' dir='ltr'><strong>Na</strong></span> <span class='ocrx_word' id='word_1_5' title='bbox 189 535 272 602; x_wconf 91' lang='lat' dir='ltr'><strong>olim</strong></span> <span class='ocrx_word' id='word_1_6' title='bbox 287 555 367 606; x_wconf 82' lang='lat' dir='ltr'><strong>vero</strong></span> <span class='ocrx_word' id='word_1_7' title='bbox 384 542 442 596; x_wconf 80' lang='lat' dir='ltr'><strong>cm</strong></span> <span class='ocrx_word' id='word_1_8' title='bbox 457 528 552 600; x_wconf 86' lang='lat' dir='ltr'><strong>etiam</strong></span> <span class='ocrx_word' id='word_1_9' title='bbox 569 529 748 622; x_wconf 68' lang='lat' dir='ltr'>separabile</span> <span class='ocrx_word' id='word_1_10' title='bbox 768 528 873 622; x_wconf 78' lang='lat' dir='ltr'><strong>fuisse.</strong></span> <span class='ocrx_word' id='word_1_11' title='bbox 913 527 1154 624; x_wconf 81' lang='lat' dir='ltr'><strong>InEtymclog.</strong></span> 
     </span>
     <span class='ocr_line' id='line_1_3' title="bbox 23 617 1158 720; baseline -0.002 -32"><span class='ocrx_word' id='word_1_12' title='bbox 23 693 27 698; x_wconf 63' lang='grc'><strong><em>,</em></strong></span> <span class='ocrx_word' id='word_1_13' title='bbox 59 673 62 678; x_wconf 78' lang='grc'><strong>-</strong></span> <span class='ocrx_word' id='word_1_14' title='bbox 117 645 158 712; x_wconf 84' lang='lat' dir='ltr'><strong>p.</strong></span> <span class='ocrx_word' id='word_1_15' title='bbox 175 624 227 697; x_wconf 80' lang='lat'><strong>25.</strong></span> <span class='ocrx_word' id='word_1_16' title='bbox 249 638 324 720; x_wconf 56' lang='lat' dir='ltr'><strong>‚prr</strong></span> <span class='ocrx_word' id='word_1_17' title='bbox 351 617 604 708; x_wconf 26' lang='lat' dir='ltr'><strong>valetnoircumr</strong></span> <span class='ocrx_word' id='word_1_18' title='bbox 633 617 719 684; x_wconf 91' lang='lat' dir='ltr'><strong>unde</strong></span> <span class='ocrx_word' id='word_1_19' title='bbox 736 620 817 684; x_wconf 84' lang='lat' dir='ltr'><strong>Aen.</strong></span> <span class='ocrx_word' id='word_1_20' title='bbox 833 621 869 700; x_wconf 78' lang='lat' dir='ltr'><strong>t„</strong></span> <span class='ocrx_word' id='word_1_21' title='bbox 885 618 961 686; x_wconf 80' lang='grc' dir='ltr'><strong>Ι665.</strong></span> <span class='ocrx_word' id='word_1_22' title='bbox 986 622 1158 686; x_wconf 75' lang='lat' dir='ltr'><em>amsancti</em></span> 
     </span>
     <span class='ocr_line' id='line_1_4' title="bbox 120 699 1156 788; baseline -0.003 -15"><span class='ocrx_word' id='word_1_23' title='bbox 120 707 245 788; x_wconf 80' lang='lat' dir='ltr'><strong>valles,</strong></span> <span class='ocrx_word' id='word_1_24' title='bbox 267 705 303 773; x_wconf 86' lang='lat' dir='ltr'><strong>rd</strong></span> <span class='ocrx_word' id='word_1_25' title='bbox 323 702 392 784; x_wconf 79' lang='lat' dir='ltr'><strong>est,</strong></span> <span class='ocrx_word' id='word_1_26' title='bbox 414 702 508 765; x_wconf 85' lang='lat' dir='ltr'><strong>omni</strong></span> <span class='ocrx_word' id='word_1_27' title='bbox 532 725 571 766; x_wconf 85' lang='lat' dir='ltr'><strong>ex</strong></span> <span class='ocrx_word' id='word_1_28' title='bbox 583 709 686 788; x_wconf 73' lang='lat' dir='ltr'><strong>porte</strong></span> <span class='ocrx_word' id='word_1_29' title='bbox 707 701 835 784; x_wconf 83' lang='lat' dir='ltr'><strong>sancti,</strong></span> <span class='ocrx_word' id='word_1_30' title='bbox 852 711 890 766; x_wconf 82' lang='lat' dir='ltr'><strong>ut</strong></span> <span class='ocrx_word' id='word_1_31' title='bbox 906 699 1037 769; x_wconf 84' lang='lat' dir='ltr'><strong>Servius</strong></span> <span class='ocrx_word' id='word_1_32' title='bbox 1050 702 1156 771; x_wconf 85' lang='lat' dir='ltr'><strong>inter·</strong></span> 
     </span>
     <span class='ocr_line' id='line_1_5' title="bbox 119 781 1154 882; baseline 0.001 -26"><span class='ocrx_word' id='word_1_33' title='bbox 119 799 287 882; x_wconf 85' lang='lat' dir='ltr'><strong>pretatur..</strong></span> <span class='ocrx_word' id='word_1_34' title='bbox 329 783 438 860; x_wconf 85' lang='lat' dir='ltr'><strong>Fuerit</strong></span> <span class='ocrx_word' id='word_1_35' title='bbox 463 785 502 850; x_wconf 86' lang='lat' dir='ltr'><strong>ab</strong></span> <span class='ocrx_word' id='word_1_36' title='bbox 526 789 641 874; x_wconf 83' lang='lat' dir='ltr'><strong>graeco</strong></span> <span class='ocrx_word' id='word_1_37' title='bbox 666 781 724 868; x_wconf 68' lang='lat' dir='ltr'><strong>tp,</strong></span> <span class='ocrx_word' id='word_1_38' title='bbox 750 787 776 854; x_wconf 92' lang='lat' dir='ltr'><strong>si</strong></span> <span class='ocrx_word' id='word_1_39' title='bbox 799 812 838 854; x_wconf 92' lang='lat' dir='ltr'><strong>eo</strong></span> <span class='ocrx_word' id='word_1_40' title='bbox 853 810 929 852; x_wconf 90' lang='lat' dir='ltr'><strong>usus</strong></span> <span class='ocrx_word' id='word_1_41' title='bbox 948 785 1154 872; x_wconf 80' lang='lat' dir='ltr'><strong>Theocritus,</strong></span> 
     </span>
     <span class='ocr_line' id='line_1_6' title="bbox 119 867 1156 966; baseline 0 -24"><span class='ocrx_word' id='word_1_42' title='bbox 119 889 160 942; x_wconf 90' lang='lat' dir='ltr'><strong>ut</strong></span> <span class='ocrx_word' id='word_1_43' title='bbox 178 876 290 944; x_wconf 82' lang='lat' dir='ltr'><strong>censet</strong></span> <span class='ocrx_word' id='word_1_44' title='bbox 305 871 365 945; x_wconf 87' lang='lat' dir='ltr'><strong>lul.</strong></span> <span class='ocrx_word' id='word_1_45' title='bbox 381 872 525 958; x_wconf 82' lang='lat' dir='ltr'>Scaliger</span> <span class='ocrx_word' id='word_1_46' title='bbox 540 873 579 936; x_wconf 95' lang='lat' dir='ltr'><strong>de</strong></span> <span class='ocrx_word' id='word_1_47' title='bbox 598 869 725 939; x_wconf 82' lang='lat' dir='ltr'><strong>C&#39;aussis</strong></span> <span class='ocrx_word' id='word_1_48' title='bbox 743 872 766 936; x_wconf 89' lang='lat' dir='ltr'><strong>l.</strong></span> <span class='ocrx_word' id='word_1_49' title='bbox 784 872 807 936; x_wconf 90' lang='lat' dir='ltr'><strong>l.</strong></span> <span class='ocrx_word' id='word_1_50' title='bbox 825 867 1011 940; x_wconf 71' lang='lat' dir='ltr'><strong>c.1‘55.&#39;sed</strong></span> <span class='ocrx_word' id='word_1_51' title='bbox 1030 875 1156 966; x_wconf 83' lang='lat' dir='ltr'><strong>decipi·</strong></span> 
     </span>
     <span class='ocr_line' id='line_1_7' title="bbox 117 951 1155 1046; baseline -0.002 -18"><span class='ocrx_word' id='word_1_52' title='bbox 117 973 186 1040; x_wconf 85' lang='lat' dir='ltr'><strong>tur.</strong></span> <span class='ocrx_word' id='word_1_53' title='bbox 217 955 289 1026; x_wconf 88' lang='lat' dir='ltr'><strong>&#39;Est</strong></span> <span class='ocrx_word' id='word_1_54' title='bbox 305 959 412 1024; x_wconf 85' lang='lat' dir='ltr'><strong>autem</strong></span> <span class='ocrx_word' id='word_1_55' title='bbox 431 981 489 1024; x_wconf 80' lang='lat' dir='ltr'><strong>ern</strong></span> <span class='ocrx_word' id='word_1_56' title='bbox 506 953 545 1022; x_wconf 90' lang='lat' dir='ltr'><strong>ab</strong></span> <span class='ocrx_word' id='word_1_57' title='bbox 563 951 651 1040; x_wconf 65' lang='lat' dir='ltr'><strong>ipit,</strong></span> <span class='ocrx_word' id='word_1_58' title='bbox 667 952 729 1022; x_wconf 69' lang='lat' dir='ltr'><strong>sat</strong></span> <span class='ocrx_word' id='word_1_59' title='bbox 751 951 912 1040; x_wconf 70' lang='grc' dir='ltr'><strong><em>ἀποκοπὴν,</em></strong></span> <span class='ocrx_word' id='word_1_60' title='bbox 928 963 1096 1046; x_wconf 90' lang='lat' dir='ltr'><strong>quomodo</strong></span> <span class='ocrx_word' id='word_1_61' title='bbox 1114 962 1155 1028; x_wconf 82' lang='lat' dir='ltr'><strong>alt</strong></span> 
     </span>
     <span class='ocr_line' id='line_1_8' title="bbox 119 1037 1155 1136; baseline -0.001 -22"><span class='ocrx_word' id='word_1_62' title='bbox 119 1043 182 1114; x_wconf 68' lang='lat' dir='ltr'><strong>tet</strong></span> <span class='ocrx_word' id='word_1_63' title='bbox 208 1059 238 1112; x_wconf 89' lang='lat' dir='ltr'><strong>et</strong></span> <span class='ocrx_word' id='word_1_64' title='bbox 256 1041 321 1110; x_wconf 72' lang='lat' dir='ltr'><strong>&#39;tisri</strong></span> <span class='ocrx_word' id='word_1_65' title='bbox 341 1045 417 1111; x_wconf 76' lang='lat' dir='ltr'><strong>‘suut</strong></span> <span class='ocrx_word' id='word_1_66' title='bbox 439 1039 482 1108; x_wconf 80' lang='lat' dir='ltr'><strong>nb</strong></span> <span class='ocrx_word' id='word_1_67' title='bbox 509 1053 541 1105; x_wconf 90' lang='lat' dir='ltr'><strong>et</strong></span> <span class='ocrx_word' id='word_1_68' title='bbox 565 1042 648 1133; x_wconf 33' lang='lat' dir='ltr'><strong>sub..</strong></span> <span class='ocrx_word' id='word_1_69' title='bbox 663 1037 876 1130; x_wconf 75' lang='lat' dir='ltr'><strong>&#39;Praepositio</strong></span> <span class='ocrx_word' id='word_1_70' title='bbox 898 1049 946 1108; x_wconf 83' lang='lat' dir='ltr'><strong>est</strong></span> <span class='ocrx_word' id='word_1_71' title='bbox 968 1045 1155 1136; x_wconf 82' lang='lat' dir='ltr'><strong>loquelaris.</strong></span> 
     </span>
     <span class='ocr_line' id='line_1_9' title="bbox 117 1123 1158 1220; baseline -0.001 -21"><span class='ocrx_word' id='word_1_72' title='bbox 117 1134 171 1199; x_wconf 87' lang='lat' dir='ltr'><strong>Ita</strong></span> <span class='ocrx_word' id='word_1_73' title='bbox 188 1131 301 1198; x_wconf 83' lang='lat' dir='ltr'><strong>Festus</strong></span> <span class='ocrx_word' id='word_1_74' title='bbox 327 1128 444 1214; x_wconf 90' lang='lat' dir='ltr'><strong>aliique</strong></span> <span class='ocrx_word' id='word_1_75' title='bbox 466 1135 588 1194; x_wconf 85' lang='lat' dir='ltr'><strong>veteres</strong></span> <span class='ocrx_word' id='word_1_76' title='bbox 612 1123 815 1215; x_wconf 84' lang='lat' dir='ltr'><strong>grammatici</strong></span> <span class='ocrx_word' id='word_1_77' title='bbox 833 1152 883 1193; x_wconf 90' lang='lat' dir='ltr'><strong>eas</strong></span> <span class='ocrx_word' id='word_1_78' title='bbox 906 1143 1041 1213; x_wconf 86' lang='lat' dir='ltr'><strong>vocant,</strong></span> <span class='ocrx_word' id='word_1_79' title='bbox 1074 1151 1158 1220; x_wconf 88' lang='lat' dir='ltr'><strong>quae</strong></span> 
     </span>
     <span class='ocr_line' id='line_1_10' title="bbox 116 1209 1156 1302; baseline 0 -18"><span class='ocrx_word' id='word_1_80' title='bbox 116 1241 193 1284; x_wconf 88' lang='lat' dir='ltr'><strong>non</strong></span> <span class='ocrx_word' id='word_1_81' title='bbox 227 1212 437 1290; x_wconf 76' lang='lat' dir='ltr'><strong>inveniuntur</strong></span> <span class='ocrx_word' id='word_1_82' title='bbox 464 1213 654 1302; x_wconf 80' lang='lat' dir='ltr'><strong>separatim..</strong></span> <span class='ocrx_word' id='word_1_83' title='bbox 703 1212 834 1278; x_wconf 82' lang='lat' dir='ltr'><strong>Veteres</strong></span> <span class='ocrx_word' id='word_1_84' title='bbox 861 1209 957 1278; x_wconf 84' lang='lat' dir='ltr'><strong>etiam</strong></span> <span class='ocrx_word' id='word_1_85' title='bbox 985 1217 1043 1282; x_wconf 77' lang='lat' dir='ltr'><strong>usi&#39;</strong></span> <span class='ocrx_word' id='word_1_86' title='bbox 1064 1229 1156 1286; x_wconf 81' lang='lat' dir='ltr'><strong>extra</strong></span> 
     </span>
     <span class='ocr_line' id='line_1_11' title="bbox 116 1297 1157 1390; baseline 0.001 -22"><span class='ocrx_word' id='word_1_87' title='bbox 116 1302 398 1390; x_wconf 80' lang='lat' dir='ltr'><strong>compositionem</strong></span> <span class='ocrx_word' id='word_1_88' title='bbox 423 1297 592 1365; x_wconf 79' lang='lat' dir='ltr'><strong>videntur:</strong></span> <span class='ocrx_word' id='word_1_89' title='bbox 628 1309 666 1366; x_wconf 85' lang='lat' dir='ltr'><strong>ut</strong></span> <span class='ocrx_word' id='word_1_90' title='bbox 689 1299 769 1362; x_wconf 86' lang='lat' dir='ltr'><strong>Cato</strong></span> <span class='ocrx_word' id='word_1_91' title='bbox 793 1300 827 1364; x_wconf 92' lang='lat' dir='ltr'><strong>in</strong></span> <span class='ocrx_word' id='word_1_92' title='bbox 850 1298 1038 1385; x_wconf 83' lang='lat' dir='ltr'><strong>Originibus</strong></span> <span class='ocrx_word' id='word_1_93' title='bbox 1068 1300 1157 1390; x_wconf 84' lang='lat' dir='ltr'><strong>npud</strong></span> 
     </span>
     <span class='ocr_line' id='line_1_12' title="bbox 115 1381 1156 1474; baseline -0.002 -19"><span class='ocrx_word' id='word_1_94' title='bbox 115 1384 329 1457; x_wconf 87' lang='lat' dir='ltr'><strong>Macrobium</strong></span> <span class='ocrx_word' id='word_1_95' title='bbox 353 1382 409 1449; x_wconf 89' lang='lat' dir='ltr'><strong>lib.</strong></span> <span class='ocrx_word' id='word_1_96' title='bbox 434 1385 462 1449; x_wconf 87' lang='lat'><strong>1.</strong></span> <span class='ocrx_word' id='word_1_97' title='bbox 490 1384 619 1450; x_wconf 85' lang='lat' dir='ltr'><strong>Saturn.</strong></span> <span class='ocrx_word' id='word_1_98' title='bbox 643 1387 742 1449; x_wconf 80' lang='lat' dir='ltr'><strong>c.14.</strong></span> <span class='ocrx_word' id='word_1_99' title='bbox 767 1403 826 1450; x_wconf 88' lang='lat' dir='ltr'><strong>am</strong></span> <span class='ocrx_word' id='word_1_100' title='bbox 846 1381 1036 1450; x_wconf 85' lang='lat' dir='ltr'><strong>terminum.</strong></span> <span class='ocrx_word' id='word_1_101' title='bbox 1065 1387 1156 1474; x_wconf 88' lang='lat' dir='ltr'><strong>quod</strong></span> 
     </span>
     <span class='ocr_line' id='line_1_13' title="bbox 115 1469 1157 1557; baseline -0.002 -17"><span class='ocrx_word' id='word_1_102' title='bbox 115 1471 309 1542; x_wconf 78' lang='lat' dir='ltr'><strong>Macrobius</strong></span> <span class='ocrx_word' id='word_1_103' title='bbox 339 1471 574 1557; x_wconf 83' lang='lat' dir='ltr'><strong>interpretatur</strong></span> <span class='ocrx_word' id='word_1_104' title='bbox 595 1471 723 1536; x_wconf 82' lang='lat' dir='ltr'><strong>circum</strong></span> <span class='ocrx_word' id='word_1_105' title='bbox 744 1469 933 1534; x_wconf 71' lang='lat' dir='ltr'><strong>seminum.</strong></span> <span class='ocrx_word' id='word_1_106' title='bbox 988 1471 1051 1535; x_wconf 89' lang='lat' dir='ltr'><strong>Sed</strong></span> <span class='ocrx_word' id='word_1_107' title='bbox 1071 1471 1157 1538; x_wconf 72' lang='lat' dir='ltr'><strong>‚falli</strong></span> 
     </span>
     <span class='ocr_line' id='line_1_14' title="bbox 115 1555 1158 1643; baseline -0.004 -18"><span class='ocrx_word' id='word_1_108' title='bbox 115 1556 330 1625; x_wconf 89' lang='lat' dir='ltr'><strong>Macrobium</strong></span> <span class='ocrx_word' id='word_1_109' title='bbox 346 1576 472 1642; x_wconf 86' lang='lat' dir='ltr'><strong>unaque</strong></span> <span class='ocrx_word' id='word_1_110' title='bbox 489 1575 569 1620; x_wconf 84' lang='lat' dir='ltr'><strong>voce</strong></span> <span class='ocrx_word' id='word_1_111' title='bbox 583 1555 811 1620; x_wconf 78' lang='lat' dir='ltr'><strong>onterminum</strong></span> <span class='ocrx_word' id='word_1_112' title='bbox 829 1555 891 1643; x_wconf 81' lang='lat' dir='ltr'><strong>legi</strong></span> <span class='ocrx_word' id='word_1_113' title='bbox 901 1601 903 1617; x_wconf 88' lang='lat'><em>.</em></span> <span class='ocrx_word' id='word_1_114' title='bbox 914 1555 1031 1621; x_wconf 88' lang='lat' dir='ltr'><strong>debere</strong></span> <span class='ocrx_word' id='word_1_115' title='bbox 1047 1568 1158 1622; x_wconf 86' lang='lat' dir='ltr'><strong>censet</strong></span> 
     </span>
     <span class='ocr_line' id='line_1_15' title="bbox 116 1641 1157 1746; baseline -0.001 -37"><span class='ocrx_word' id='word_1_116' title='bbox 116 1643 187 1709; x_wconf 85' lang='lat' dir='ltr'><strong>Ios.</strong></span> <span class='ocrx_word' id='word_1_117' title='bbox 199 1641 376 1730; x_wconf 87' lang='lat' dir='ltr'><strong>Scaliger.“</strong></span> <span class='ocrx_word' id='word_1_118' title='bbox 397 1641 536 1706; x_wconf 86' lang='lat' dir='ltr'><strong>Meliora</strong></span> <span class='ocrx_word' id='word_1_119' title='bbox 552 1641 606 1704; x_wconf 86' lang='lat' dir='ltr'><strong>vix</strong></span> <span class='ocrx_word' id='word_1_120' title='bbox 624 1641 688 1705; x_wconf 92' lang='lat' dir='ltr'><strong>dici</strong></span> <span class='ocrx_word' id='word_1_121' title='bbox 702 1651 853 1728; x_wconf 83' lang='lat' dir='ltr'><strong>possunt.</strong></span> <span class='ocrx_word' id='word_1_122' title='bbox 863 1664 866 1678; x_wconf 92' lang='lat'><em>·</em></span> <span class='ocrx_word' id='word_1_123' title='bbox 876 1643 980 1728; x_wconf 83' lang='lat' dir='ltr'><strong>Atque</strong></span> <span class='ocrx_word' id='word_1_124' title='bbox 993 1643 1028 1706; x_wconf 92' lang='lat' dir='ltr'><strong>in</strong></span> <span class='ocrx_word' id='word_1_125' title='bbox 1045 1643 1083 1708; x_wconf 88' lang='lat' dir='ltr'><strong>iis</strong></span> <span class='ocrx_word' id='word_1_126' title='bbox 1099 1666 1157 1746; x_wconf 73' lang='lat' dir='ltr'><strong>ag-</strong></span> 
     </span>
     <span class='ocr_line' id='line_1_16' title="bbox 117 1725 1156 1815; baseline 0 -22"><span class='ocrx_word' id='word_1_127' title='bbox 117 1730 294 1815; x_wconf 38' lang='lat' dir='ltr'><strong>quiescens,</strong></span> <span class='ocrx_word' id='word_1_128' title='bbox 315 1727 484 1790; x_wconf 79' lang='lat' dir='ltr'><strong>Corradus</strong></span> <span class='ocrx_word' id='word_1_129' title='bbox 509 1725 725 1790; x_wconf 86' lang='lat' dir='ltr'><strong>Schneiderus</strong></span> <span class='ocrx_word' id='word_1_130' title='bbox 747 1727 781 1789; x_wconf 90' lang='lat' dir='ltr'><strong>in</strong></span> <span class='ocrx_word' id='word_1_131' title='bbox 798 1727 943 1792; x_wconf 86' lang='lat' dir='ltr'><strong>Gramm.</strong></span> <span class='ocrx_word' id='word_1_132' title='bbox 960 1751 994 1815; x_wconf 92' lang='lat' dir='ltr'><strong>p.</strong></span> <span class='ocrx_word' id='word_1_133' title='bbox 1008 1730 1083 1797; x_wconf 80' lang='grc'><strong>588.</strong></span> <span class='ocrx_word' id='word_1_134' title='bbox 1101 1751 1156 1794; x_wconf 83' lang='lat' dir='ltr'><strong>m·</strong></span> 
     </span>
     <span class='ocr_line' id='line_1_17' title="bbox 116 1811 1167 1898; baseline -0.001 -19"><span class='ocrx_word' id='word_1_135' title='bbox 116 1813 301 1890; x_wconf 87' lang='lat' dir='ltr'><strong>hilominus</strong></span> <span class='ocrx_word' id='word_1_136' title='bbox 319 1811 412 1898; x_wconf 83' lang='lat' dir='ltr'><strong>apud</strong></span> <span class='ocrx_word' id='word_1_137' title='bbox 435 1811 633 1874; x_wconf 83' lang='lat' dir='ltr'><strong>Charisium</strong></span> <span class='ocrx_word' id='word_1_138' title='bbox 648 1820 703 1874; x_wconf 88' lang='lat' dir='ltr'><strong>aut</strong></span> <span class='ocrx_word' id='word_1_139' title='bbox 725 1821 910 1896; x_wconf 76' lang='lat' dir='ltr'><strong>annegstes</strong></span> <span class='ocrx_word' id='word_1_140' title='bbox 935 1812 1167 1896; x_wconf 88' lang='lat' dir='ltr'><strong>scribendum,-</strong></span> 
     </span>
     <span class='ocr_line' id='line_1_18' title="bbox 7 1895 1157 1988; baseline -0.002 -24"><span class='ocrx_word' id='word_1_141' title='bbox 7 1925 8 1928; x_wconf 64' lang='grc'>’</span> <span class='ocrx_word' id='word_1_142' title='bbox 118 1909 249 1988; x_wconf 88' lang='lat' dir='ltr'><strong>etpost</strong></span> <span class='ocrx_word' id='word_1_143' title='bbox 267 1895 453 1984; x_wconf 85' lang='lat' dir='ltr'><strong>amplector</strong></span> <span class='ocrx_word' id='word_1_144' title='bbox 501 1897 669 1960; x_wconf 90' lang='lat' dir='ltr'><strong>onendum</strong></span> <span class='ocrx_word' id='word_1_145' title='bbox 690 1905 884 1982; x_wconf 71' lang='lat' dir='ltr'><strong>campumt,</strong></span> <span class='ocrx_word' id='word_1_146' title='bbox 915 1907 972 1960; x_wconf 87' lang='lat' dir='ltr'><strong>aut</strong></span> <span class='ocrx_word' id='word_1_147' title='bbox 991 1898 1035 1970; x_wconf 83' lang='lat' dir='ltr'><strong>‘ab</strong></span> <span class='ocrx_word' id='word_1_148' title='bbox 1053 1899 1157 1962; x_wconf 86' lang='lat' dir='ltr'><strong>aliena</strong></span> 
     </span>
    </p>

    <p class='ocr_par' dir='ltr' id='par_1_3' title="bbox 115 1917 1253 3352">
     <span class='ocr_line' id='line_1_19' title="bbox 117 1917 1157 2067; baseline -0.004 -17"><span class='ocrx_word' id='word_1_149' title='bbox 117 2005 222 2050; x_wconf 90' lang='lat' dir='ltr'><strong>manu</strong></span> <span class='ocrx_word' id='word_1_150' title='bbox 248 1983 406 2050; x_wconf 83' lang='lat' dir='ltr'><strong>additum.</strong></span> <span class='ocrx_word' id='word_1_151' title='bbox 468 1917 634 2067; x_wconf 64' lang='lat' dir='ltr'><strong>dorrupta</strong></span> <span class='ocrx_word' id='word_1_152' title='bbox 657 1989 734 2044; x_wconf 86' lang='lat' dir='ltr'><strong>sunt</strong></span> <span class='ocrx_word' id='word_1_153' title='bbox 754 1980 853 2058; x_wconf 81' lang='lat' dir='ltr'><strong>rerba</strong></span> <span class='ocrx_word' id='word_1_154' title='bbox 875 1979 1051 2046; x_wconf 74' lang='lat' dir='ltr'><strong>Macrobiis</strong></span> <span class='ocrx_word' id='word_1_155' title='bbox 1077 1983 1157 2046; x_wconf 80' lang='lat' dir='ltr'><strong>dinc</strong></span> 
     </span>
     <span class='ocr_line' id='line_1_20' title="bbox 118 2065 1253 2154; baseline -0.006 -17"><span class='ocrx_word' id='word_1_156' title='bbox 118 2071 241 2136; x_wconf 86' lang='lat' dir='ltr'><strong>Ateius</strong></span> <span class='ocrx_word' id='word_1_157' title='bbox 265 2067 389 2154; x_wconf 85' lang='lat' dir='ltr'><strong>Cupito</strong></span> <span class='ocrx_word' id='word_1_158' title='bbox 420 2086 549 2131; x_wconf 77' lang='lat' dir='ltr'><strong>oricum</strong></span> <span class='ocrx_word' id='word_1_159' title='bbox 573 2087 598 2130; x_wconf 80' lang='lat' dir='ltr'><strong><em>a</em></strong></span> <span class='ocrx_word' id='word_1_160' title='bbox 621 2065 764 2130; x_wconf 84' lang='lat' dir='ltr'><strong>circuitu</strong></span> <span class='ocrx_word' id='word_1_161' title='bbox 788 2067 947 2152; x_wconf 87' lang='lat' dir='ltr'><strong>temporis</strong></span> <span class='ocrx_word' id='word_1_162' title='bbox 963 2077 1070 2153; x_wconf 82' lang='lat' dir='ltr'><strong>putot</strong></span> <span class='ocrx_word' id='word_1_163' title='bbox 1098 2067 1157 2131; x_wconf 85' lang='lat' dir='ltr'><strong>di·</strong></span> <span class='ocrx_word' id='word_1_164' title='bbox 1251 2122 1253 2130; x_wconf 81' lang='grc'>,</span> 
     </span>
     <span class='ocr_line' id='line_1_21' title="bbox 118 2151 1157 2241; baseline -0.003 -21"><span class='ocrx_word' id='word_1_165' title='bbox 118 2169 230 2234; x_wconf 76' lang='lat' dir='ltr'><strong>otum:</strong></span> <span class='ocrx_word' id='word_1_166' title='bbox 250 2153 331 2241; x_wconf 82' lang='lat' dir='ltr'><strong>quia</strong></span> <span class='ocrx_word' id='word_1_167' title='bbox 341 2159 463 2217; x_wconf 71' lang='lat' dir='ltr'><strong>ueteres</strong></span> <span class='ocrx_word' id='word_1_168' title='bbox 479 2173 501 2216; x_wconf 84' lang='lat' dir='ltr'><strong>u</strong></span> <span class='ocrx_word' id='word_1_169' title='bbox 511 2175 535 2215; x_wconf 86' lang='lat' dir='ltr'><strong>n</strong></span> <span class='ocrx_word' id='word_1_170' title='bbox 546 2173 613 2238; x_wconf 85' lang='lat' dir='ltr'><strong>pro</strong></span> <span class='ocrx_word' id='word_1_171' title='bbox 632 2151 796 2216; x_wconf 86' lang='lat' dir='ltr'><strong>circum</strong></span> <span class='ocrx_word' id='word_1_172' title='bbox 805 2157 931 2238; x_wconf 77' lang='lat' dir='ltr'><strong>ponens</strong></span> <span class='ocrx_word' id='word_1_173' title='bbox 946 2164 1157 2236; x_wconf 84' lang='lat' dir='ltr'><strong>consuerunt,</strong></span> 
     </span>
     <span class='ocr_line' id='line_1_22' title="bbox 118 2234 1156 2324; baseline -0.003 -19"><span class='ocrx_word' id='word_1_174' title='bbox 118 2252 159 2309; x_wconf 84' lang='lat' dir='ltr'><strong>ut</strong></span> <span class='ocrx_word' id='word_1_175' title='bbox 185 2237 270 2304; x_wconf 83' lang='lat' dir='ltr'><strong>Cato</strong></span> <span class='ocrx_word' id='word_1_176' title='bbox 294 2239 331 2302; x_wconf 86' lang='lat' dir='ltr'><strong>in</strong></span> <span class='ocrx_word' id='word_1_177' title='bbox 354 2234 564 2324; x_wconf 34' lang='lat' dir='ltr'><strong>,Originibus</strong></span> <span class='ocrx_word' id='word_1_178' title='bbox 588 2247 816 2302; x_wconf 81' lang='lat' dir='ltr'><strong>oratorum</strong></span> <span class='ocrx_word' id='word_1_179' title='bbox 834 2260 892 2301; x_wconf 82' lang='lat' dir='ltr'><strong>un</strong></span> <span class='ocrx_word' id='word_1_180' title='bbox 914 2239 1156 2322; x_wconf 81' lang='lat' dir='ltr'><strong>terminum,</strong></span> 
     </span>
     <span class='ocr_line' id='line_1_23' title="bbox 115 2321 1157 2412; baseline -0.004 -20"><span class='ocrx_word' id='word_1_181' title='bbox 115 2325 159 2392; x_wconf 38' lang='lat' dir='ltr'><strong>,id</strong></span> <span class='ocrx_word' id='word_1_182' title='bbox 178 2336 246 2402; x_wconf 85' lang='lat' dir='ltr'><strong>est,</strong></span> <span class='ocrx_word' id='word_1_183' title='bbox 279 2324 444 2388; x_wconf 74' lang='lat' dir='ltr'><strong>circum</strong></span> <span class='ocrx_word' id='word_1_184' title='bbox 469 2321 717 2403; x_wconf 77' lang='lat' dir='ltr'><strong>terminum,</strong></span> <span class='ocrx_word' id='word_1_185' title='bbox 748 2331 780 2387; x_wconf 89' lang='lat' dir='ltr'><strong>et</strong></span> <span class='ocrx_word' id='word_1_186' title='bbox 804 2321 965 2388; x_wconf 76' lang='lat' dir='ltr'><strong>ambire</strong></span> <span class='ocrx_word' id='word_1_187' title='bbox 978 2346 1046 2412; x_wconf 78' lang='lat' dir='ltr'><strong>pro</strong></span> <span class='ocrx_word' id='word_1_188' title='bbox 1071 2323 1157 2388; x_wconf 83' lang='lat' dir='ltr'><strong>cir-</strong></span> 
     </span>
     <span class='ocr_line' id='line_1_24' title="bbox 120 2405 1156 2492; baseline -0.001 -16"><span class='ocrx_word' id='word_1_189' title='bbox 120 2411 234 2476; x_wconf 84' lang='lat' dir='ltr'><strong>cumi</strong></span> <span class='ocrx_word' id='word_1_190' title='bbox 241 2433 295 2475; x_wconf 84' lang='lat' dir='ltr'><strong>re.</strong></span> <span class='ocrx_word' id='word_1_191' title='bbox 339 2407 467 2489; x_wconf 86' lang='lat' dir='ltr'><strong>Quibus</strong></span> <span class='ocrx_word' id='word_1_192' title='bbox 489 2417 618 2472; x_wconf 87' lang='lat' dir='ltr'><strong>tantum</strong></span> <span class='ocrx_word' id='word_1_193' title='bbox 651 2405 746 2472; x_wconf 81' lang='lat' dir='ltr'><strong>abest</strong></span> <span class='ocrx_word' id='word_1_194' title='bbox 768 2416 820 2476; x_wconf 72' lang='lat' dir='ltr'><strong>ut,</strong></span> <span class='ocrx_word' id='word_1_195' title='bbox 837 2407 977 2492; x_wconf 85' lang='lat' dir='ltr'><strong>inaudita</strong></span> <span class='ocrx_word' id='word_1_196' title='bbox 1001 2428 1075 2484; x_wconf 80' lang='lat' dir='ltr'><strong>vox,</strong></span> <span class='ocrx_word' id='word_1_197' title='bbox 1088 2427 1156 2474; x_wconf 55' lang='lat' dir='ltr'><strong>an*</strong></span> 
     </span>
     <span class='ocr_line' id='line_1_25' title="bbox 119 2493 1157 2594; baseline -0.003 -32"><span class='ocrx_word' id='word_1_198' title='bbox 119 2496 280 2578; x_wconf 76' lang='lat' dir='ltr'><strong>termines</strong></span> <span class='ocrx_word' id='word_1_199' title='bbox 297 2493 529 2576; x_wconf 88' lang='lat' dir='ltr'><strong>confirmetur,</strong></span> <span class='ocrx_word' id='word_1_200' title='bbox 559 2503 596 2558; x_wconf 87' lang='lat' dir='ltr'><strong>ut</strong></span> <span class='ocrx_word' id='word_1_201' title='bbox 613 2503 725 2582; x_wconf 85' lang='lat' dir='ltr'><strong>aperte</strong></span> <span class='ocrx_word' id='word_1_202' title='bbox 752 2493 992 2558; x_wconf 81' lang='lat' dir='ltr'><strong>demonstretur</strong></span> <span class='ocrx_word' id='word_1_203' title='bbox 1011 2518 1090 2594; x_wconf 84' lang='lat' dir='ltr'><strong>prae</strong></span> <span class='ocrx_word' id='word_1_204' title='bbox 1115 2518 1157 2559; x_wconf 89' lang='lat' dir='ltr'><strong>o-</strong></span> 
     </span>
     <span class='ocr_line' id='line_1_26' title="bbox 120 2517 1156 2666; baseline -0.001 -20"><span class='ocrx_word' id='word_1_205' title='bbox 120 2583 363 2648; x_wconf 86' lang='lat' dir='ltr'><strong>sitionisusus:</strong></span> <span class='ocrx_word' id='word_1_206' title='bbox 386 2601 446 2642; x_wconf 85' lang='lat' dir='ltr'><strong>nee</strong></span> <span class='ocrx_word' id='word_1_207' title='bbox 464 2588 576 2666; x_wconf 86' lang='lat' dir='ltr'><strong>potest</strong></span> <span class='ocrx_word' id='word_1_208' title='bbox 589 2577 645 2642; x_wconf 91' lang='lat' dir='ltr'><strong>illa</strong></span> <span class='ocrx_word' id='word_1_209' title='bbox 669 2578 821 2666; x_wconf 85' lang='lat' dir='ltr'><strong>Scaligeri</strong></span> <span class='ocrx_word' id='word_1_210' title='bbox 835 2581 991 2644; x_wconf 89' lang='lat' dir='ltr'><strong>sententia</strong></span> <span class='ocrx_word' id='word_1_211' title='bbox 1012 2603 1048 2645; x_wconf 88' lang='lat' dir='ltr'><strong>m</strong></span> <span class='ocrx_word' id='word_1_212' title='bbox 1069 2517 1156 2646; x_wconf 72' lang='lat' dir='ltr'><strong>libro</strong></span> 
     </span>
     <span class='ocr_line' id='line_1_27' title="bbox 121 2663 1157 2754; baseline -0.001 -22"><span class='ocrx_word' id='word_1_213' title='bbox 121 2670 163 2732; x_wconf 90' lang='lat' dir='ltr'><strong>de</strong></span> <span class='ocrx_word' id='word_1_214' title='bbox 186 2663 356 2752; x_wconf 56' lang='lat' dir='ltr'><strong>Tempus„</strong></span> <span class='ocrx_word' id='word_1_215' title='bbox 372 2663 600 2729; x_wconf 88' lang='lat' dir='ltr'><strong>emendatione</strong></span> <span class='ocrx_word' id='word_1_216' title='bbox 619 2673 657 2736; x_wconf 71' lang='lat' dir='ltr'><strong>,et</strong></span> <span class='ocrx_word' id='word_1_217' title='bbox 685 2664 720 2742; x_wconf 79' lang='lat' dir='ltr'><strong>in</strong></span> <span class='ocrx_word' id='word_1_218' title='bbox 741 2663 829 2728; x_wconf 86' lang='lat' dir='ltr'><strong>notis</strong></span> <span class='ocrx_word' id='word_1_219' title='bbox 853 2664 892 2728; x_wconf 85' lang='lat' dir='ltr'><strong>sd</strong></span> <span class='ocrx_word' id='word_1_220' title='bbox 917 2663 1047 2729; x_wconf 88' lang='lat' dir='ltr'><strong>Festum</strong></span> <span class='ocrx_word' id='word_1_221' title='bbox 1072 2689 1157 2754; x_wconf 91' lang='lat' dir='ltr'><strong>pro-</strong></span> 
     </span>
     <span class='ocr_line' id='line_1_28' title="bbox 120 2749 1251 2841; baseline 0 -26"><span class='ocrx_word' id='word_1_222' title='bbox 120 2751 229 2841; x_wconf 88' lang='lat' dir='ltr'><strong>posita</strong></span> <span class='ocrx_word' id='word_1_223' title='bbox 242 2749 388 2838; x_wconf 76' lang='lat' dir='ltr'><strong>proberi-</strong></span> <span class='ocrx_word' id='word_1_224' title='bbox 431 2749 500 2814; x_wconf 80' lang='lat' dir='ltr'><strong>Alia</strong></span> <span class='ocrx_word' id='word_1_225' title='bbox 516 2749 605 2813; x_wconf 91' lang='lat' dir='ltr'><strong>enim</strong></span> <span class='ocrx_word' id='word_1_226' title='bbox 619 2759 669 2812; x_wconf 86' lang='lat' dir='ltr'><strong>est</strong></span> <span class='ocrx_word' id='word_1_227' title='bbox 685 2771 738 2812; x_wconf 90' lang='lat' dir='ltr'><strong>res</strong></span> <span class='ocrx_word' id='word_1_228' title='bbox 749 2765 766 2828; x_wconf 88' lang='grc'><strong>,·</strong></span> <span class='ocrx_word' id='word_1_229' title='bbox 780 2749 1059 2836; x_wconf 82' lang='lat' dir='ltr'><strong>praepositionem</strong></span> <span class='ocrx_word' id='word_1_230' title='bbox 1081 2773 1158 2815; x_wconf 91' lang='lat' dir='ltr'><strong>cum</strong></span> <span class='ocrx_word' id='word_1_231' title='bbox 1247 2819 1251 2833; x_wconf 59' lang='grc'><strong><em>,</em></strong></span> 
     </span>
     <span class='ocr_line' id='line_1_29' title="bbox 121 2832 1157 2926; baseline -0.004 -24"><span class='ocrx_word' id='word_1_232' title='bbox 121 2838 232 2926; x_wconf 87' lang='lat' dir='ltr'><strong>aliquo</strong></span> <span class='ocrx_word' id='word_1_233' title='bbox 249 2834 347 2908; x_wconf 87' lang='lat' dir='ltr'><strong>verbo</strong></span> <span class='ocrx_word' id='word_1_234' title='bbox 366 2834 563 2913; x_wconf 79' lang='lat' dir='ltr'><strong>coalescere,</strong></span> <span class='ocrx_word' id='word_1_235' title='bbox 584 2832 645 2898; x_wconf 82' lang='lat' dir='ltr'><strong>alia</strong></span> <span class='ocrx_word' id='word_1_236' title='bbox 660 2833 939 2918; x_wconf 78' lang='lat' dir='ltr'><strong>praepositionem</strong></span> <span class='ocrx_word' id='word_1_237' title='bbox 953 2835 1081 2907; x_wconf 81' lang='lat' dir='ltr'><strong>nomini</strong></span> <span class='ocrx_word' id='word_1_238' title='bbox 1097 2836 1157 2899; x_wconf 86' lang='lat' dir='ltr'><strong>ad-</strong></span> 
     </span>
     <span class='ocr_line' id='line_1_30' title="bbox 120 2917 1227 3006; baseline -0.003 -19"><span class='ocrx_word' id='word_1_239' title='bbox 120 2921 267 3002; x_wconf 81' lang='lat' dir='ltr'><strong>iunctam</strong></span> <span class='ocrx_word' id='word_1_240' title='bbox 285 2921 373 2986; x_wconf 93' lang='lat' dir='ltr'><strong>abire</strong></span> <span class='ocrx_word' id='word_1_241' title='bbox 389 2919 424 2984; x_wconf 90' lang='lat' dir='ltr'><strong>in</strong></span> <span class='ocrx_word' id='word_1_242' title='bbox 438 2917 629 2982; x_wconf 84' lang='lat' dir='ltr'><strong>formulam.</strong></span> <span class='ocrx_word' id='word_1_243' title='bbox 681 2917 811 2986; x_wconf 91' lang='lat' dir='ltr'><strong>Paullus</strong></span> <span class='ocrx_word' id='word_1_244' title='bbox 834 2917 999 2996; x_wconf 83' lang='lat' dir='ltr'><strong>Diaconus</strong></span> <span class='ocrx_word' id='word_1_245' title='bbox 1024 2919 1156 3006; x_wconf 89' lang='lat' dir='ltr'><strong>quidem</strong></span> <span class='ocrx_word' id='word_1_246' title='bbox 1225 2991 1227 2997; x_wconf 14' lang='grc' dir='ltr'><strong>Α</strong></span> 
     </span>
     <span class='ocr_line' id='line_1_31' title="bbox 120 2993 1157 3151; baseline -0.004 -79"><span class='ocrx_word' id='word_1_247' title='bbox 120 3008 183 3075; x_wconf 78' lang='lat' dir='ltr'><strong>nit:</strong></span> <span class='ocrx_word' id='word_1_248' title='bbox 222 3030 287 3071; x_wconf 82' lang='lat' dir='ltr'><strong>om</strong></span> <span class='ocrx_word' id='word_1_249' title='bbox 315 3003 531 3093; x_wconf 71' lang='lat' dir='ltr'><strong>praepositio</strong></span> <span class='ocrx_word' id='word_1_250' title='bbox 561 3000 743 3151; x_wconf 65' lang='lat' dir='ltr'><strong>lohqueimis</strong></span> <span class='ocrx_word' id='word_1_251' title='bbox 774 2993 952 3089; x_wconf 82' lang='lat' dir='ltr'><strong>significet</strong></span> <span class='ocrx_word' id='word_1_252' title='bbox 982 3003 1157 3086; x_wconf 86' lang='lat' dir='ltr'><strong>circum,</strong></span> 
     </span>
     <span class='ocr_line' id='line_1_32' title="bbox 119 3087 1219 3178; baseline -0.003 -21"><span class='ocrx_word' id='word_1_253' title='bbox 119 3091 211 3178; x_wconf 75' lang='lat' dir='ltr'><strong>pride</strong></span> <span class='ocrx_word' id='word_1_254' title='bbox 226 3111 332 3178; x_wconf 83' lang='lat' dir='ltr'><strong>supra</strong></span> <span class='ocrx_word' id='word_1_255' title='bbox 347 3107 494 3156; x_wconf 80' lang='lat' dir='ltr'><strong>seruus</strong></span> <span class='ocrx_word' id='word_1_256' title='bbox 516 3105 580 3152; x_wconf 85' lang='lat' dir='ltr'><strong>nm</strong></span> <span class='ocrx_word' id='word_1_257' title='bbox 617 3097 754 3168; x_wconf 77' lang='lat' dir='ltr'><strong>actus,</strong></span> <span class='ocrx_word' id='word_1_258' title='bbox 770 3087 794 3152; x_wconf 87' lang='lat' dir='ltr'><strong>i.</strong></span> <span class='ocrx_word' id='word_1_259' title='bbox 805 3112 832 3151; x_wconf 89' lang='lat' dir='ltr'><strong>e.</strong></span> <span class='ocrx_word' id='word_1_260' title='bbox 849 3088 1082 3165; x_wconf 86' lang='lat' dir='ltr'><strong>circumactus,</strong></span> <span class='ocrx_word' id='word_1_261' title='bbox 1099 3089 1157 3154; x_wconf 85' lang='lat' dir='ltr'><strong>di·</strong></span> <span class='ocrx_word' id='word_1_262' title='bbox 1217 3135 1219 3144; x_wconf 41' lang='lat'><em>1</em></span> 
     </span>
     <span class='ocr_line' id='line_1_33' title="bbox 120 3169 1157 3259; baseline -0.002 -17"><span class='ocrx_word' id='word_1_263' title='bbox 120 3177 220 3243; x_wconf 87' lang='lat' dir='ltr'><strong>citur.</strong></span> <span class='ocrx_word' id='word_1_264' title='bbox 248 3177 304 3241; x_wconf 91' lang='lat' dir='ltr'><strong>sed</strong></span> <span class='ocrx_word' id='word_1_265' title='bbox 321 3171 470 3241; x_wconf 85' lang='lat' dir='ltr'><strong>haee&#39;ille</strong></span> <span class='ocrx_word' id='word_1_266' title='bbox 493 3193 536 3238; x_wconf 84' lang='lat' dir='ltr'><strong>ex</strong></span> <span class='ocrx_word' id='word_1_267' title='bbox 550 3191 607 3239; x_wconf 87' lang='lat' dir='ltr'><strong>sua</strong></span> <span class='ocrx_word' id='word_1_268' title='bbox 623 3172 772 3236; x_wconf 82' lang='lat' dir='ltr'><strong>doctrina</strong></span> <span class='ocrx_word' id='word_1_269' title='bbox 795 3169 1081 3259; x_wconf 86' lang='lat' dir='ltr'><strong>praepositionum</strong></span> <span class='ocrx_word' id='word_1_270' title='bbox 1101 3174 1157 3240; x_wconf 92' lang='lat' dir='ltr'><strong>lo-</strong></span> 
     </span>
     <span class='ocr_line' id='line_1_34' title="bbox 120 3255 1234 3352; baseline -0.007 -25"><span class='ocrx_word' id='word_1_271' title='bbox 120 3263 302 3352; x_wconf 88' lang='lat' dir='ltr'><strong>quelarium</strong></span> <span class='ocrx_word' id='word_1_272' title='bbox 314 3260 556 3349; x_wconf 87' lang='lat' dir='ltr'><strong>deprompsisse</strong></span> <span class='ocrx_word' id='word_1_273' title='bbox 570 3257 709 3324; x_wconf 84' lang='lat' dir='ltr'><strong>videtur.</strong></span> <span class='ocrx_word' id='word_1_274' title='bbox 750 3257 820 3320; x_wconf 86' lang='lat' dir='ltr'><strong>Nos</strong></span> <span class='ocrx_word' id='word_1_275' title='bbox 835 3255 930 3323; x_wconf 88' lang='lat' dir='ltr'><strong>facile</strong></span> <span class='ocrx_word' id='word_1_276' title='bbox 945 3279 1157 3347; x_wconf 84' lang='lat' dir='ltr'><strong>agnoscemus</strong></span> <span class='ocrx_word' id='word_1_277' title='bbox 1231 3311 1234 3319; x_wconf 82' lang='lat'><em>.</em></span> 
     </span>
    </p>
   </div>
   <div class='ocr_carea' id='block_1_3' title="bbox 120 3342 1158 3530">
    <p class='ocr_par' dir='ltr' id='par_1_4' title="bbox 120 3342 1158 3530">
     <span class='ocr_line' id='line_1_35' title="bbox 120 3342 1157 3492; baseline -0.004 -80"><span class='ocrx_word' id='word_1_278' title='bbox 120 3349 273 3434; x_wconf 85' lang='lat' dir='ltr'><strong>antiquae</strong></span> <span class='ocrx_word' id='word_1_279' title='bbox 304 3345 556 3434; x_wconf 84' lang='lat' dir='ltr'><strong>praepositionis</strong></span> <span class='ocrx_word' id='word_1_280' title='bbox 583 3363 642 3407; x_wconf 86' lang='lat' dir='ltr'><strong>am</strong></span> <span class='ocrx_word' id='word_1_281' title='bbox 663 3342 900 3430; x_wconf 83' lang='lat' dir='ltr'><strong>integritatem,</strong></span> <span class='ocrx_word' id='word_1_282' title='bbox 937 3354 969 3408; x_wconf 88' lang='lat' dir='ltr'><strong>ct</strong></span> <span class='ocrx_word' id='word_1_283' title='bbox 992 3344 1031 3408; x_wconf 86' lang='lat' dir='ltr'><strong>cb</strong></span> <span class='ocrx_word' id='word_1_284' title='bbox 1055 3345 1157 3492; x_wconf 88' lang='lat' dir='ltr'><strong>ipsius</strong></span> 
     </span>
     <span class='ocr_line' id='line_1_36' title="bbox 120 3427 1158 3530; baseline -0.006 -32"><span class='ocrx_word' id='word_1_285' title='bbox 120 3434 249 3530; x_wconf 84' lang='lat' dir='ltr'><strong>origine</strong></span> <span class='ocrx_word' id='word_1_286' title='bbox 282 3454 358 3496; x_wconf 88' lang='lat' dir='ltr'><strong>cum</strong></span> <span class='ocrx_word' id='word_1_287' title='bbox 389 3431 458 3497; x_wconf 90' lang='lat' dir='ltr'><strong>aliis</strong></span> <span class='ocrx_word' id='word_1_288' title='bbox 490 3427 610 3514; x_wconf 84' lang='lat' dir='ltr'><strong>linguis</strong></span> <span class='ocrx_word' id='word_1_289' title='bbox 644 3427 832 3504; x_wconf 87' lang='lat' dir='ltr'><strong>communi,</strong></span> <span class='ocrx_word' id='word_1_290' title='bbox 873 3439 906 3492; x_wconf 88' lang='lat' dir='ltr'><strong>et</strong></span> <span class='ocrx_word' id='word_1_291' title='bbox 937 3427 977 3494; x_wconf 86' lang='lat' dir='ltr'><strong>ab</strong></span> <span class='ocrx_word' id='word_1_292' title='bbox 999 3429 1158 3516; x_wconf 81' lang='lat' dir='ltr'><strong>-anaogia</strong></span> 
     </span>
    </p>
   </div>
   <div class='ocr_carea' id='block_1_4' title="bbox 53 3513 1174 3947">
    <p class='ocr_par' dir='ltr' id='par_1_5' title="bbox 53 3513 1174 3947">
     <span class='ocr_line' id='line_1_37' title="bbox 121 3513 1157 3601; baseline -0.006 -17"><span class='ocrx_word' id='word_1_293' title='bbox 121 3529 198 3584; x_wconf 84' lang='lat' dir='ltr'><strong>satis</strong></span> <span class='ocrx_word' id='word_1_294' title='bbox 215 3517 423 3590; x_wconf 83' lang='lat' dir='ltr'><strong>vindicatam.</strong></span> <span class='ocrx_word' id='word_1_295' title='bbox 465 3514 508 3579; x_wconf 88' lang='lat' dir='ltr'><strong>Et</strong></span> <span class='ocrx_word' id='word_1_296' title='bbox 524 3513 580 3601; x_wconf 91' lang='lat' dir='ltr'><strong>qui</strong></span> <span class='ocrx_word' id='word_1_297' title='bbox 603 3523 791 3598; x_wconf 81' lang='lat' dir='ltr'><strong>omsegetes</strong></span> <span class='ocrx_word' id='word_1_298' title='bbox 812 3521 844 3576; x_wconf 89' lang='lat' dir='ltr'><strong>et</strong></span> <span class='ocrx_word' id='word_1_299' title='bbox 867 3513 1052 3578; x_wconf 81' lang='lat' dir='ltr'><strong>untermini</strong></span> <span class='ocrx_word' id='word_1_300' title='bbox 1069 3513 1157 3578; x_wconf 91' lang='lat' dir='ltr'><strong>dice-</strong></span> 
     </span>
     <span class='ocr_line' id='line_1_38' title="bbox 120 3596 1174 3691; baseline -0.004 -23"><span class='ocrx_word' id='word_1_301' title='bbox 120 3603 259 3683; x_wconf 89' lang='lat' dir='ltr'><strong>bantur,</strong></span> <span class='ocrx_word' id='word_1_302' title='bbox 278 3603 414 3691; x_wconf 89' lang='lat' dir='ltr'><strong>proprie</strong></span> <span class='ocrx_word' id='word_1_303' title='bbox 429 3610 523 3666; x_wconf 83' lang='lat' dir='ltr'><strong>erant</strong></span> <span class='ocrx_word' id='word_1_304' title='bbox 538 3619 596 3664; x_wconf 80' lang='lat' dir='ltr'><strong>nm</strong></span> <span class='ocrx_word' id='word_1_305' title='bbox 613 3611 743 3684; x_wconf 83' lang='lat' dir='ltr'><strong>segetes</strong></span> <span class='ocrx_word' id='word_1_306' title='bbox 759 3607 792 3661; x_wconf 91' lang='lat' dir='ltr'><strong>et</strong></span> <span class='ocrx_word' id='word_1_307' title='bbox 806 3620 853 3661; x_wconf 84' lang='lat' dir='ltr'><strong>cn</strong></span> <span class='ocrx_word' id='word_1_308' title='bbox 868 3596 1060 3662; x_wconf 81' lang='lat' dir='ltr'><strong>terminum.</strong></span> <span class='ocrx_word' id='word_1_309' title='bbox 1097 3599 1174 3664; x_wconf 64' lang='lat' dir='ltr'><strong>Ni·</strong></span> 
     </span>
     <span class='ocr_line' id='line_1_39' title="bbox 120 3681 1158 3770; baseline -0.004 -18"><span class='ocrx_word' id='word_1_310' title='bbox 120 3686 170 3752; x_wconf 93' lang='lat' dir='ltr'><strong>hil</strong></span> <span class='ocrx_word' id='word_1_311' title='bbox 186 3700 297 3753; x_wconf 82' lang='lat' dir='ltr'><strong>autem</strong></span> <span class='ocrx_word' id='word_1_312' title='bbox 319 3688 431 3751; x_wconf 84' lang='lat' dir='ltr'><strong>attinet</strong></span> <span class='ocrx_word' id='word_1_313' title='bbox 449 3707 526 3750; x_wconf 90' lang='lat' dir='ltr'><strong>cum</strong></span> <span class='ocrx_word' id='word_1_314' title='bbox 542 3684 611 3750; x_wconf 85' lang='lat' dir='ltr'><strong>aliis</strong></span> <span class='ocrx_word' id='word_1_315' title='bbox 627 3700 795 3747; x_wconf 88' lang='lat' dir='ltr'><strong>recurrere</strong></span> <span class='ocrx_word' id='word_1_316' title='bbox 820 3681 859 3746; x_wconf 91' lang='lat' dir='ltr'><strong>ad</strong></span> <span class='ocrx_word' id='word_1_317' title='bbox 886 3682 1031 3746; x_wconf 89' lang='lat' dir='ltr'><strong>celticam</strong></span> <span class='ocrx_word' id='word_1_318' title='bbox 1052 3685 1158 3770; x_wconf 88' lang='lat' dir='ltr'><strong>origi-</strong></span> 
     </span>
     <span class='ocr_line' id='line_1_40' title="bbox 120 3767 1157 3854; baseline -0.003 -16"><span class='ocrx_word' id='word_1_319' title='bbox 120 3795 200 3838; x_wconf 89' lang='lat' dir='ltr'><strong>nem</strong></span> <span class='ocrx_word' id='word_1_320' title='bbox 230 3771 381 3840; x_wconf 89' lang='lat' dir='ltr'><strong>vocabuli</strong></span> <span class='ocrx_word' id='word_1_321' title='bbox 409 3793 483 3854; x_wconf 88' lang='lat' dir='ltr'><strong>em,</strong></span> <span class='ocrx_word' id='word_1_322' title='bbox 517 3780 556 3835; x_wconf 86' lang='lat' dir='ltr'><strong>ut</strong></span> <span class='ocrx_word' id='word_1_323' title='bbox 583 3767 662 3834; x_wconf 87' lang='lat' dir='ltr'><strong>fecit</strong></span> <span class='ocrx_word' id='word_1_324' title='bbox 693 3767 936 3852; x_wconf 82' lang='lat' dir='ltr'><strong>Lindemannus</strong></span> <span class='ocrx_word' id='word_1_325' title='bbox 961 3767 1001 3832; x_wconf 90' lang='lat' dir='ltr'><strong>de</strong></span> <span class='ocrx_word' id='word_1_326' title='bbox 1025 3769 1157 3835; x_wconf 85' lang='lat' dir='ltr'><strong>Latinae</strong></span> 
     </span>
     <span class='ocr_line' id='line_1_41' title="bbox 53 3851 1157 3947; baseline -0.003 -25"><span class='ocrx_word' id='word_1_327' title='bbox 53 3851 56 3865; x_wconf 60' lang='lat'><strong>⁴</strong></span> <span class='ocrx_word' id='word_1_328' title='bbox 121 3859 216 3947; x_wconf 88' lang='lat' dir='ltr'><strong>Ling.</strong></span> <span class='ocrx_word' id='word_1_329' title='bbox 233 3861 365 3936; x_wconf 84' lang='lat' dir='ltr'><strong>Accent.</strong></span> <span class='ocrx_word' id='word_1_330' title='bbox 385 3861 414 3922; x_wconf 86' lang='lat'><strong>1.</strong></span> <span class='ocrx_word' id='word_1_331' title='bbox 430 3879 463 3943; x_wconf 89' lang='lat' dir='ltr'><strong>p.</strong></span> <span class='ocrx_word' id='word_1_332' title='bbox 480 3856 541 3922; x_wconf 79' lang='lat'><strong>24.&#39;</strong></span> <span class='ocrx_word' id='word_1_333' title='bbox 553 3876 746 3941; x_wconf 83' lang='lat' dir='ltr'><strong>comparans</strong></span> <span class='ocrx_word' id='word_1_334' title='bbox 765 3852 930 3926; x_wconf 87' lang='lat' dir='ltr'><strong>Celtarum</strong></span> <span class='ocrx_word' id='word_1_335' title='bbox 946 3875 1003 3916; x_wconf 87' lang='lat' dir='ltr'><strong>um</strong></span> <span class='ocrx_word' id='word_1_336' title='bbox 1021 3863 1053 3918; x_wconf 87' lang='lat' dir='ltr'><strong>et</strong></span> <span class='ocrx_word' id='word_1_337' title='bbox 1069 3854 1157 3934; x_wconf 84' lang='lat' dir='ltr'><strong>amb,</strong></span> 
     </span>
    </p>
   </div>
   <div class='ocr_carea' id='block_1_5' title="bbox 120 3932 1314 4034">
    <p class='ocr_par' dir='ltr' id='par_1_6' title="bbox 120 3932 1314 4034">
     <span class='ocr_line' id='line_1_42' title="bbox 120 3932 1314 4034; baseline -0.004 -26"><span class='ocrx_word' id='word_1_338' title='bbox 120 3942 296 4034; x_wconf 78' lang='lat' dir='ltr'><strong>Belgarum</strong></span> <span class='ocrx_word' id='word_1_339' title='bbox 315 3965 388 4022; x_wconf 85' lang='lat' dir='ltr'><strong>om,</strong></span> <span class='ocrx_word' id='word_1_340' title='bbox 412 3942 652 4004; x_wconf 89' lang='lat' dir='ltr'><strong>Germanorum</strong></span> <span class='ocrx_word' id='word_1_341' title='bbox 669 3959 735 4003; x_wconf 88' lang='lat' dir='ltr'><strong>um.</strong></span> <span class='ocrx_word' id='word_1_342' title='bbox 778 3938 864 4002; x_wconf 86' lang='lat' dir='ltr'><strong>Haec</strong></span> <span class='ocrx_word' id='word_1_343' title='bbox 881 3938 968 4002; x_wconf 89' lang='lat' dir='ltr'><strong>enim</strong></span> <span class='ocrx_word' id='word_1_344' title='bbox 987 3940 1158 4023; x_wconf 86' lang='lat' dir='ltr'><strong>vocabula,</strong></span> <span class='ocrx_word' id='word_1_345' title='bbox 1251 3989 1254 3995; x_wconf 85' lang='lat'>.</span> <span class='ocrx_word' id='word_1_346' title='bbox 1313 3932 1314 3942; x_wconf 42' lang='lat'>¹</span> 
     </span>
    </p>
   </div>
   <div class='ocr_carea' id='block_1_6' title="bbox 111 4021 1279 4292">
    <p class='ocr_par' dir='ltr' id='par_1_7' title="bbox 111 4021 1279 4292">
     <span class='ocr_line' id='line_1_43' title="bbox 119 4021 1157 4115; baseline -0.003 -23"><span class='ocrx_word' id='word_1_347' title='bbox 119 4049 190 4093; x_wconf 89' lang='lat' dir='ltr'><strong>non</strong></span> <span class='ocrx_word' id='word_1_348' title='bbox 205 4027 245 4094; x_wconf 90' lang='lat' dir='ltr'><strong>ab</strong></span> <span class='ocrx_word' id='word_1_349' title='bbox 261 4050 329 4092; x_wconf 92' lang='lat' dir='ltr'><strong>uno</strong></span> <span class='ocrx_word' id='word_1_350' title='bbox 344 4026 473 4115; x_wconf 82' lang='lat' dir='ltr'><strong>populo</strong></span> <span class='ocrx_word' id='word_1_351' title='bbox 483 4023 631 4091; x_wconf 82' lang='lat' dir='ltr'><strong>edulium</strong></span> <span class='ocrx_word' id='word_1_352' title='bbox 645 4025 806 4102; x_wconf 88' lang='lat' dir='ltr'><strong>traducta,</strong></span> <span class='ocrx_word' id='word_1_353' title='bbox 823 4021 991 4094; x_wconf 91' lang='lat' dir='ltr'><strong>communi</strong></span> <span class='ocrx_word' id='word_1_354' title='bbox 1002 4026 1157 4096; x_wconf 86' lang='lat' dir='ltr'><strong>omnium</strong></span> 
     </span>
     <span class='ocr_line' id='line_1_44' title="bbox 117 4104 1155 4201; baseline -0.001 -25"><span class='ocrx_word' id='word_1_355' title='bbox 117 4109 297 4180; x_wconf 85' lang='lat' dir='ltr'><strong>hominum</strong></span> <span class='ocrx_word' id='word_1_356' title='bbox 318 4111 451 4201; x_wconf 86' lang='lat' dir='ltr'><strong>ingenio</strong></span> <span class='ocrx_word' id='word_1_357' title='bbox 478 4108 655 4186; x_wconf 88' lang='lat' dir='ltr'><strong>debentur,</strong></span> <span class='ocrx_word' id='word_1_358' title='bbox 687 4130 753 4196; x_wconf 93' lang='lat' dir='ltr'><strong>quo</strong></span> <span class='ocrx_word' id='word_1_359' title='bbox 779 4131 832 4188; x_wconf 87' lang='lat' dir='ltr'><strong>aa,</strong></span> <span class='ocrx_word' id='word_1_360' title='bbox 863 4130 944 4194; x_wconf 87' lang='lat' dir='ltr'><strong>quae</strong></span> <span class='ocrx_word' id='word_1_361' title='bbox 960 4104 1033 4197; x_wconf 82' lang='lat' dir='ltr'><strong>par&#39;i</strong></span> <span class='ocrx_word' id='word_1_362' title='bbox 1052 4110 1155 4175; x_wconf 93' lang='lat' dir='ltr'><strong>modo</strong></span> 
     </span>
     <span class='ocr_line' id='line_1_45' title="bbox 111 4191 1279 4292; baseline -0.003 -28"><span class='ocrx_word' id='word_1_363' title='bbox 111 4200 369 4292; x_wconf 39' lang='lat' dir='ltr'><strong>⁵concipiuntur,</strong></span> <span class='ocrx_word' id='word_1_364' title='bbox 384 4195 387 4202; x_wconf 59' lang='lat'><strong>⁴</strong></span> <span class='ocrx_word' id='word_1_365' title='bbox 401 4207 433 4288; x_wconf 75' lang='lat' dir='ltr'><strong>st</strong></span> <span class='ocrx_word' id='word_1_366' title='bbox 452 4215 516 4263; x_wconf 90' lang='lat' dir='ltr'><strong>una</strong></span> <span class='ocrx_word' id='word_1_367' title='bbox 535 4191 711 4290; x_wconf 66' lang='lat' dir='ltr'><strong>eademque</strong></span> <span class='ocrx_word' id='word_1_368' title='bbox 723 4193 923 4292; x_wconf 76' lang='lat' dir='ltr'><strong>&#39;cogitatione</strong></span> <span class='ocrx_word' id='word_1_369' title='bbox 938 4191 1154 4270; x_wconf 83' lang='lat' dir='ltr'><strong>conforman-</strong></span> <span class='ocrx_word' id='word_1_370' title='bbox 1207 4198 1209 4204; x_wconf 87' lang='lat'>&#39;</span> <span class='ocrx_word' id='word_1_371' title='bbox 1264 4235 1279 4260; x_wconf 86' lang='grc'><strong>.</strong></span> 
     </span>
    </p>
   </div>
   <div class='ocr_carea' id='block_1_7' title="bbox 0 0 1435 4750">
    <p class='ocr_par' dir='ltr' id='par_1_8' title="bbox 0 0 1435 4750">
     <span class='ocr_line' id='line_1_46' title="bbox 0 0 1435 4750; baseline 0 0"><span class='ocrx_word' id='word_1_372' title='bbox 0 0 1435 4750; x_wconf 95' lang='lat' dir='ltr'><strong> </strong></span> 
     </span>
    </p>
   </div>
  </div>
 </body>
</html>
