2866 4754
644 440 646 446 ¹
731 361 802 431 tu.

187 539 209 573 ⁴,
240 519 380 586 directae
396 517 490 606 eique
507 513 667 604 simplici,
688 514 746 580 ubi
762 515 919 582 Germani
937 512 1009 580 eam
1024 533 1163 604 prorsus
1180 516 1286 580 omit-

202 609 206 623 *
242 615 329 670 tunt.
372 603 499 668 Deinde
511 603 650 701 ponitur
667 600 973 692 in‘interrogatione
997 574 1137 682 directa,
1157 602 1214 665 sed
1229 625 1287 666 ea-

242 689 320 756 dem
333 689 599 768 vehementiore,
623 685 750 754 etcum
776 689 921 774 quedam
941 676 1043 754 animi
1064 685 1184 750 affeetu
1229 710 1287 751 ro-

241 777 406 846 nuntiata,
432 774 629 868 praesertim
653 787 757 859 quum
778 773 813 840 id
827 773 1090 862 interrogamus,
1118 709 1225 860 quodp
1234 773 1287 838 vel

197 884 200 892 ¹
243 861 337 930 alteri
352 859 916 940 affirmandum‘essecerteseimu's,
942 858 1288 950 velabeonegarimi-

240 945 519 1024 randum'essetf‘
552 943 799 1010 ¹Ramshornius
813 948 849 1012 in
864 947 1014 1010 Gramm.
1032 943 1104 1010 174.
1130 967 1197 1026 aa,
1226 967 1289 1036 per

243 1045 334 1100 etwu
346 1032 506 1113 reddens,
524 1025 568 1095 *in
586 1031 847 1122 interrogatione
862 1029 1096 1096 dubitantis'et
1117 1025 1170 1096 sus
1196 1031 1290 1095 ican-

152 1173 155 1188 ,
242 1119 285 1184 tis
334 1119 391 1182 oni
413 1115 509 1197 dicit,
543 1117 601 1182 ubi
629 1117 756 1188 animus
780 1119 867 1198 eius,
899 1113 955 1204 qui
979 1116 1138 1204 quaerit,
1163 1053 1290 1181 dubitet

243 1139 378 1290 quidem
396 1203 594 1279 contrariam
608 1191 802 1286 sententiani
817 1201 1023 1292 approbare,
1047 1212 1163 1267 'tamen
1183 1202 1288 1288 magis

243 1289 396 1370 inclinet,
415 1289 456 1364 ut
471 1297 545 1352 eam
563 1288 710 1376 accipiat.
754 1289 847 1370 Quae
863 1289 982 1372 ,omnia
1019 1309 1100 1351 uum
1115 1288 1289 1352 nonneti-

243 1395 319 1440 vam
331 1372 510 1474 particulae
523 1373 593 1438 vim
609 1374 904 1460 comprehendant,
920 1311 1106 1438 satisiacere
1120 1395 1192 1437 non
1207 1395 1290 1460 pos-
1341 1423 1344 1430 .

243 1469 333 1524 sunt.
376 1459 460 1544 Nam
485 1455 740 1528 affirmationem
760 1461 796 1530 ia
816 1459 873 1524 tali
893 1458 1150 1546 interrogatione
1169 1481 1290 1545 exspe-

244 1544 326 1612 ctari
345 1545 438 1633 eique
453 1544 571 1624 adiici,
590 1543 694 1607 multa
718 1546 868 1634 exempla
890 1554 922 1608 et
945 1553 997 1609 res
1018 1545 1092 1630 ipsa
1113 1543 1289 1608 declarant.

165 1699 166 1702 Ἴ
242 1631 416 1719 Nusquam
440 1640 549 1694 autem
565 1630 703 1716 ponit-ur
720 1654 768 1695 cn
782 1629 982 1717 inrsimplici
998 1641 1095 1716 atque
1118 1639 1208 1692 recta
1232 1629 1289 1692 in-

160 1786 163 1795 ,
204 1716 488 1806 atemogatioue,
510 1736 617 1802 neque
633 1714 793 1780 dubitatio
812 1717 847 1781 in
870 1712 1068 1781 contrariam
1093 1714 1290 1779 sententiam
1362 1735 1363 1740 ¹

243 1802 407 1872 inclinans
422 1805 488 1865 uua
504 1823 572 1866 esse
587 1811 715 1888 potest,
735 1825 799 1890 qua
815 1802 976 1868 eiusmodi
991 1801 1289 1886 interrogationem

185 1903 190 1920 '
244 1887 286 1970 ab
303 1887 373 1952 aliis
392 1886 488 1952 distin
515 1908 640 1952 uamus.
680 1887 787 1974 Atque
801 1889 836 1952 iu
850 1889 936 1976 ipso,
952 1886 1042 1974 quod
1049 1884 1290 1950 Ramshornius

244 1973 351 2038 eGia
368 1971 468 2036 Tusc.
486 1910 513 2038 3ss
516 2020 526 2052 ,
550 1978 580 2037 1.
603 1971 707 2053 allert,
729 1972 884 2061 exemplo
906 1971 983 2038 non'
1003 1980 1088 2046 erat,
1124 1971 1212 2058 quod
1231 1969 1303 2035 Gi-‹
1359 2018 1363 2042 .

233 2081 324 2128 ,cero
343 2058 514 2124 veritatem
539 2079 670 2125 caussae
694 2059 843 2144 prolatae
864 2069 1009 2146 negaret.
1057 2054 1147 2121 Inter
1172 2077 1290 2121 omues
1340 2137 1343 2145 ¹

243 2145 344 2233 igitur
370 2143 603 2232 grammaticos
628 2163 734 2208 unum
764 2145 958 2232 Zumptium
981 2143 1076 2208 video
1099 2165 1173 2223 rem
1197 2153 1291 2206 acute

197 2270 203 2274 -
244 2230 461 2320 perspexisse,
475 2251 578 2314 quum
593 2238 626 2292 et
636 2228 862 2294 disiunctivam
872 2229 939 2294 vim
947 2226 1125 2317 particulae
1137 2238 1170 2316 et
1177 2227 1220 2291 du
1247 2227 1291 2291 li-

197 2345 201 2366 »
244 2337 337 2396 cem,
360 2317 424 2400 q'ua
438 2314 655 2400 interrogatio
677 2325 824 2389 constat,
847 2325 977 2403 partem
993 2313 1116 2401 ubique
1128 2251 1291 2401 suppiin-

246 2401 324 2467 dam
340 2408 479 2463 teneret.
538 2399 646 2480 Quam
671 2421 749 2464 uam
763 2400 818 2465 ille
835 2401 906 2489 ipse
926 2420 1039 2464 secum
1060 2419 1211 2486 pugnans
1233 2400 1290 2481 ait,

245 2483 294 2550 un
309 2483 393 2547 nihil
409 2481 601 2583 significare,
618 2422 674 2547 seit
694 2484 843 2549 formam
858 2484 1125 2571 interrogationis
1143 2485 1289 2572 explere.

244 2569 331 2634 Illud
339 2589 418 2634 vero
433 2567 597 2655 imprimis
606 2568 792 2634 addendum
806 2581 865 2653 est,
891 2570 978 2635 hano
994 2570 1291 2658 interrogationem

247 2655 288 2719 de
308 2651 413 2718 aliena
433 2663 490 2718 aut
511 2655 677 2720 contraria
701 2657 862 2720 sententie
890 2655 1028 2738 confici,
1079 2676 1123 2728 uo
1144 2653 1220 2736 fiat,
1253 2666 1292 2720 ut

246 2739 464 2804 simulationis
483 2740 550 2819 sive
569 2739 697 2804 ironiae
718 2741 803 2806 ratio
828 2742 970 2807 coemat.
1016 2677 1081 2806 sei
1102 2762 1166 2808 nos
1190 2761 1291 2806 usum

193 2900 197 2908 „
244 2825 466 2913 per-singulas
486 2825 596 2912 partes
614 2832 862 2914 persequamur.
935 2876 939 2882 ,
1003 2825 1005 2829 ’
1267 2903 1269 2908 ,

330 2909 360 2975 1.'
409 2910 646 2996 Quaecumque
667 2911 881 3000 interrogatio
903 2934 965 3002 per
987 2910 1218 2977 disiunctivum
1242 2934 1292 2980 art

246 2993 393 3060 fomuata
407 2995 507 3059 altera
523 3006 571 3059 est
590 3018 667 3083 pars
681 2997 949 3086 interrogationis
966 2997 1176 3074 bimembris,
1199 2996 1291 3062 cuius

247 3081 356 3167 prima
379 3093 457 3168 pars
485 3091 541 3144 aut
570 3103 726 3168 expressa
756 3084 862 3147 estin
886 3085 1045 3148 sententia
1069 3082 1291 3165 antecedente,

190 3183 192 3192 ’
247 3167 380 3252 quaein
395 3166 689 3256 interrogationem
707 3168 844 3244 transit,
867 3179 922 3232 aut
938 3169 1130 3256 intelligitur
1152 3189 1194 3232 ex
1216 3190 1292 3234 ver.-

245 3249 402 3328 bisatiis,
420 3273 503 3336 quae
525 3251 744 3339 praecedunt,
766 3253 817 3317 vel
841 3275 883 3316 ex
898 3255 1000 3318 totius
1025 3254 1183 3330 orationis
1204 3276 1292 3341 pro·
1359 3297 1361 3304 ι

246 3351 371 3424 gressu.
411 3335 522 3402 Veluti
539 3337 625 3422 apud
640 3337 745 3403 Plaut.
759 3339 849 3403 Asin.
867 3339 907 3419 5,
931 3345 970 3422 1,
992 3341 1129 3405 totns.
1152 3338 1295 3404 credam

245 3445 311 3512 ego
331 3425 437 3503 istuc,
463 3421 496 3486 si
520 3444 591 3490 esse
618 3432 651 3486 te
674 3423 827 3488 hilarum
845 3425 970 3490 videro.
1011 3426 1077 3489 Au.
1104 3434 1294 3490 anteesse

246 3531 301 3572 me
316 3510 449 3573 tristem
456 3504 591 3593 putas?
604 3509 769 3572 'sententia
788 3509 867 3574 haee
882 3509 948 3574 est'z
968 3509 1155 3574 hilarumne
1170 3532 1225 3574 me
1240 3511 1294 3575 vi-

248 3593 323 3668 des,
355 3617 395 3658 an
418 3615 474 3658 me
496 3592 626 3656 tristem
650 3591 768 3679 putas?
801 3595 913 3676 Quare
939 3595 1142 3660 desideratur
1160 3617 1295 3681 semper

166 3761 167 3764 Ἴ
185 3719 209 3756 9
250 3678 371 3763 aliquid
389 3679 583 3766 oppositum
598 3677 651 3742 vel
665 3680 887 3759 contrarium,
913 3679 1005 3828 quod
1028 3681 1063 3744 in
1085 3681 1295 3766 interrogau-

248 3763 291 3826 tis
315 3764 425 3828 animo
451 3763 682 3850 supprimitur.
725 3765 813 3832 Nam
843 3785 910 3912 quo
941 3766 1296 3854 ,quumrinterrogat

249 3849 429 3936 proponit,
458 3848 540 3912 illud
557 3857 622 3930 est,
653 3849 743 3934 qnod
768 3871 809 3914 ex
834 3849 938 3914 aisne
960 3850 1208 3916 sententia‘diei
1232 3851 1294 3916 co-¹

249 3933 384 4024 gitarive
403 3934 518 4020 possit.
559 3933 675 4020 Neque
697 3957 745 3999 aa
767 3956 925 4022 umquam
948 3933 1109 4022 signifieat
1125 3933 1294 4024 fortasse,

249 4030 358 4093 aava,
383 4018 441 4081 sed
460 4030 538 4098 ortt,
564 4015 666 4082 odere
688 4029 721 4084 ct
740 4019 938 4089 uocabulum
958 4033 1048 4086 etwa
1066 4021 1102 4084 in
1116 4021 1294 4087 reddendis

225 4106 228 4111 ’
247 4103 357 4169 verbis
373 4100 527 4168 adhibere
540 4125 720 4190 possumus
734 4115 928 4193 propterea,
945 4105 1054 4192 quod,
1076 4128 1159 4193 quae
1175 4107 1295 4172 dicun·

248 4199 323 4272 tur,
353 4187 505 4256 simulate
520 4197 553 4254 et
567 4209 630 4278 per
650 4189 772 4260 alienae
788 4191 969 4260 sententiae
995 4192 1216 4260 coniecturam
1237 4191 1295 4259 di·

720 4315 732 4342 Ι

380 4457 387 4491 Ι
