2866 4754
610 353 738 419 AN..
1037 313 1164 442 ‘aaa

191 514 258 568 terit
277 505 675 580 exbnditatmfpotiaritqaa,
696 504 832 578 legatam,
858 502 1028 573 videbimus,
1058 523 1099 560 nu
1125 480 1163 562 ‘sa

161 591 163 594 ¹
191 579 394 652 submouendus
410 588 514 644 abbe:
527 594 717 672 animatione.
738 590 809 661 quod
824 607 878 642 non
899 599 940 644 eat
959 611 997 664 an
1015 591 1052 645 sit
1066 593 1164 663 potius
1252 643 1254 647 .

194 677 405 736 :admovendas
641 729 644 732 .
699 675 702 682 “

154 794 157 800 -
228 769 319 816 Senes.
335 765 385 830 Ep.
399 758 459 814 118.
474 757 541 812 dosa
556 776 613 824 me,
630 755 689 814 usa
704 778 741 816 aa
748 755 896 829 fortitudo
916 759 1023 816 animal
1039 765 1095 828 sit,
1112 755 1164 824 aad

149 865 151 876 ·
192 849 303 903 nullum
324 842 431 902 aniuaal
450 839 532 914 felix
554 860 613 898 essa
635 848 694 898 sinc
704 839 888 912 fortitudine.
922 845 1047 922 Quipctil.
1064 845 1103 924 6,
1120 836 1165 918 10,

173 933 236 988 ’52
254 935 309 987 tria
321 934 384 996 sine.
400 926 484 984 dubio
500 945 593 982 nraus
615 929 768 999 spectanda
788 937 870 980 sunt:
893 947 931 981 an
951 936 1005 996 sit,
1028 917 1096 1004 pisid
1109 932 1164 996 aa.

195 1003 340 1092 qua'lasit.
373 1011 441 1065 Plio.
462 1015 511 1082 Ep.
525 1011 558 1076 8,
577 1013 626 1076 14,
643 1009 687 1064 24.
710 1031 793 1086 quum
815 1010 1085 1083 discernaelins‚an
1104 1033 1166 1072 sen·
1229 1069 1230 1072 ,

197 1104 301 1156 tentius
318 1097 423 1160 dividi,
440 1117 478 1150 an
495 1098 530 1152 iri
547 1101 576 1152 in
591 1095 718 1169 singulas
734 1098 897 1168 oportuerit.

213 1188 247 1248 8.
268 1183 330 1248 'Aa
347 1183 382 1247 in
405 1182 563 1246 sententia
585 1179 762 1246 dubitativa
786 1179 880 1258 alteri
900 1181 1060 1262 secundae
1078 1185 1167 1272 parti
1206 1153 1209 1164 Ι
1318 1245 1322 1273 ‚

124 1267 307 1358 praeponi,
326 1267 446 1354 idipso
465 1267 539 1331 eius·
553 1276 670 1331 natura
692 1275 868 1330 monstrat.
912 1267 1064 1332 Attamen
1088 1267 1167 1335 fue-

125 1364 223 1435 runt,
244 1348 299 1440 iiffi
321 1371 368 1416 an
381 1374 486 1416 -aa
510 1350 671 1416 ambobus
691 1350 850 1416 membris
873 1349 948 1418 addi
961 1371 1060 1438 posse
1081 1375 1167 1420 con-

127 1438 296 1504 cederent:
314 1436 460 1516 aliipero
477 1459 525 1502 an
538 1471 581 1485 -
597 1459 645 1500 aa
657 1459 721 1524 pro
738 1448 852 1502 utrum
865 1473 909 1486 -
926 1459 974 1500 an
989 1459 1007 1500 a
1022 1438 1167 1526 scripto-⁴

124 1521 217 1590 ribu's
237 1525 351 1587 aureae
365 1521 480 1598 aetatis
494 1521 617 1589 dictum
636 1544 703 1586 esse
717 1544 788 1586 non
802 1521 964 1612 audebant
987 1520 1166 1590 affirmare.

128 1607 346 1674 Ruhnkeuius
363 1608 397 1674 in
411 1605 498 1670 notis
518 1607 558 1670 ad
566 1606 687 1688 Mureti
697 1607 819 1693 Script.
830 1605 873 1670 T.
884 1612 915 1676 2.
937 1630 971 1695 p.
979 1607 1053 1674 742.
1064 1631 1167 1698 nega-

12 1749 15 1755 .
124 1695 186 1758 ‘bat
199 1693 368 1757 omnino.=
392 1690 467 1756 Vid.
481 1691 632 1756 Vorstius
651 1692 692 1755 ad
706 1692 815 1757 Valer.
831 1691 921 1757 Max.
937 1695 970 1770 7,
993 1697 1025 1757 2.
1049 1691 1125 1760 Exi.
1135 1696 1167 1762 1.

128 1778 258 1846 Gellarii
272 1776 443 1842 Antibarb.
461 1798 496 1863 p.
513 1781 587 1841 209.
609 1777 755 1840 etCurae
769 1787 856 1865 post.
872 1799 906 1865 p.
924 1776 997 1841 143.
1011 1778 1169 1865 ubiquae
1258 1783 1263 1794 '

128 1864 280 1952 exempla
308 1861 507 1937 afferuntur,
535 1861 661 1946 egregie
693 1871 867 1948 percenset
889 1862 1108 1958 Heusingerus
1131 1865 1168 1932 in

129 1949 272 2013 Observ.
289 1946 450 2012 antibarb.
466 1951 503 2034 p.
520 1947 594 2010 458.
607 1945 659 2010 his
682 1944 805 2014 verbis:
832 1945 1088 2028 „P11n1ilocum,
1108 1949 1168 2035 qui

125 2035 162 2099 ,jn
181 2033 369 2130 etp-,emplum
386 2031 579 2096 afferebatur
592 2053 635 2096 ex
648 2031 706 2096 lib.
723 2035 753 2096 8.
772 2032 865 2124 epist.
887 2032 950 2108 14„
966 2019 983 2097 a
1000 2031 1167 2112 Continet
1271 2112 1273 2116 .
1317 2039 1320 2044 ’

130 2121 274 2184 Gesnero
291 2140 358 2183 :am
372 2117 491 2183 rectius
504 2116 701 2204 explicaturi:
716 2117 812 2183 video
825 2117 943 2203 [quum
963 2116 1092 2183 discere
1110 2141 1169 2188 va-

63 2231 68 2244 *
128 2205 219 2286 am,
232 2227 279 2268 aa
296 2203 481 2268 sententias
495 2201 630 2284 dividi,
648 2225 697 2274 an
716 2202 762 2267 iri
779 2202 816 2268 in
834 2202 991 2290 singulas
1006 2215 1168 2289 oportue-

129 2290 187 2354 rit.
208 2289 265 2352 ubi
275 2289 439 2352 Gesnerus
455 2303 502 2351 an
515 2286 796 2375 peranaphoram
809 2309 874 2375 pro
890 2299 923 2352 et
935 2288 1082 2376 positum
1098 2310 1170 2356 esse

131 2375 226 2450 dicit,
261 2373 391 2438 Cortius
420 2371 628 2438 scribendum
657 2384 767 2439 censet
795 2374 880 2460 αο];Κ
915 2374 1029 2460 quiet
1053 2373 1168 2456 alium,

131 2481 230 2546 quem
244 2458 400 2524 Cellarius
416 2479 486 2522 non
500 2469 716 2523 ›annotaverat
729 2457 801 2544 [sed
820 2458 883 2524 vid.
901 2459 1010 2524 Antib.
1025 2481 1059 2546 p.
1076 2461 1171 2548 aba]
1209 2485 1212 2490 ·

85 2563 86 2566 ’
128 2566 174 2630 ex
188 2544 245 2609 lib.
261 2549 292 2608 6.
316 2567 332 2608 e
361 2547 446 2624 .16,
466 2544 521 2608 15.
545 2544 624 2610 vitio
648 2546 806 2632 repetitae
818 2543 916 2608 huius
931 2533 1111 2633 particuiac
1123 2547 1171 2613 li-

121 2631 295 2698 betarum.
335 2565 394 2714 idn
409 2633 581 2694 commane
595 2630 807 2708 consultant,
827 2629 924 2693 intra
945 2641 1036 2699 tecta
1056 2629 1169 2698 sachsi-

131 2725 237 2795 stant,
250 2739 295 2778 an
312 2713 482 2798 inaperta
499 2726 674 2799 vagentur.
704 2714 749 2778 ita
765 2714 863 2778 etiam
877 2713 983 2778 codex
997 2712 1168 2802 pragensis
1265 2767 1271 2772 .
1292 2780 1296 2787 Χ

110 2799 288 2884 exhibet]
331 2797 409 2863 Non
434 2798 578 2862 multum
609 2797 732 2862 divorsa
766 2799 827 2864 crit
853 2806 1039 2864 ceterorum
1069 2801 1169 2884 ratio,

131 2885 167 2949 in
183 2885 298 2971 quibus
315 2883 453 2948 alterum
469 2905 516 2946 an
532 2881 584 2946 vel
598 2904 615 2944 a
631 2881 772 2947 librariis
787 2881 998 2966 inctdcatum,
1020 2885 1073 2950 vel
1087 2907 1170 2968 ana,-

158 2969 242 3034 hora
264 2969 403 3054 quadam
427 2967 465 3031 ab
496 2962 683 3034 auctoribus
707 2967 856 3054 positum
886 2967 1068 3055 apparebit.
1118 2967 1170 3038 De

131 2993 210 3120 ioco
233 3053 336 3119 Curtii
352 3054 391 3132 8,
413 3056 451 3134 6,
474 3053 526 3117 25.
548 3071 617 3116 non
643 3075 728 3141 opus
749 3063 804 3129 est¹
821 3050 1018 3118 coniectura.
1056 3056 1171 3146 'Opti-

130 3163 205 3206 mos
219 3139 308 3204 enim
325 3138 452 3203 codices
467 3137 619 3224 pominat
634 3137 920 3225 Snakenburgius‚
943 3139 978 3203 in
994 3139 1111 3227 quibus
1125 3143 1171 3210 ita

135 3225 315 3312 scriptum:
349 3221 388 3287 id
413 3221 461 3287 ad
487 3222 732 3288 consolandam
747 3222 961 3310 patientiam
987 3225 1171 3311 verberum,

93 3317 95 3323 ’
134 3335 181 3376 aa
199 3309 248 3374 ad
262 3308 477 3376 incitandam
495 3309 651 3374 iuuenum
672 3307 826 3374 dolorem
852 3307 981 3373 dietum
1003 3309 1107 3394 esset,
1132 3314 1171 3378 in

135 3394 296 3482 ambigna
310 3390 438 3482 fuisses
483 3392 662 3481 Anaphora
682 3417 760 3458 usus
779 3405 827 3459 cst
854 3393 969 3476 Cicero
992 3395 1051 3462 lib.
1069 3403 1104 3474 2.
1129 3395 1172 3462 ad

133 3484 208 3547 Aa·
223 3485 326 3566 ep.'6.
347 3479 427 3566 quin
445 3479 550 3542 etiam
566 3465 734 3562 dubitem,
757 3503 803 3544 an
818 3479 891 3556 bic,
913 3501 962 3549 an
973 3481 1075 3550 Antii
1089 3486 1173 3548 aanss

133 3565 260 3638 aidum.
302 3564 380 3630 Non
395 3564 434 3628 de
450 3563 584 3629 diversis
606 3565 703 3630 rebus
721 3564 857 3629 dubitat.
897 3561 964 3628 Hic
987 3576 1036 3630 est
1058 3568 1093 3634 in
1109 3567 1174 3638 hnc

133 3649 287 3738 regione,
310 3659 341 3716 et
364 3649 498 3734 quidem
514 3648 625 3714 Antii.
673 3649 803 3716 Maneat
825 3670 904 3736 ergo
926 3648 962 3714 in
983 3651 1173 3740 interroga-
1269 3669 1272 3684 “
1345 3722 1348 3730 ,

133 3735 297 3815 tionibus,
320 3733 376 3798 ubi
392 3734 473 3806 duae
494 3743 624 3799 tantum
647 3747 755 3823 partes
778 3735 1027 3820 disiunguntur,
1058 3751 1173 3811 utram

133 3820 257 3910 priori,
280 3843 327 3884 aa
342 3819 516 3907 posteriori
531 3820 684 3886 membro
701 3821 781 3902 dari,
798 3821 849 3886 vel
864 3841 1041 3908 suppresso
1057 3825 1174 3909 aiter-n,

133 3915 380 3970 unum'tantum
395 3927 442 3969 un
457 3903 636 3969 adhiberis
657 3905 931 3992 Insenecnpia.
941 3910 992 3973 69.
1006 3909 1174 3998 Schweig-

134 3991 310 4056 haeuserus
328 4011 345 4054 e
361 3988 528 4053 codicibus
543 3989 660 4057 edidit:
684 3993 823 4060 interest
839 3991 943 4073 nihil,
965 3993 1030 4058 illa
1048 3995 1097 4060 ad
1112 4018 1174 4064 nos

137 4077 270 4155 ueniat,
285 4069 342 4140 'an
353 4074 407 4139 ad
423 4072 522 4138 iiiam
543 4077 613 4156 aas.
656 4077 751 4164 Apud
770 4077 965 4142 Ciceronem
984 4080 1024 4144 ad
1041 4081 1108 4147 Aa.
1124 4087 1177 4164 11,

135 4167 168 4228 6.
192 4183 263 4228 nan
279 4181 379 4254 posse
394 4157 507 4228 scribi:
532 4159 706 4230 indicitur
730 4163 853 4231 uidisse
877 4185 924 4227 an
946 4176 1099 4257 euntem,
1130 4189 1177 4238 an

171 4271 178 4286 ⁸
238 4301 247 4332 a
624 4316 630 4336 ,
849 4269 890 4329 20
914 4271 932 4312 i‘

254 4479 261 4514 ὃ
353 4475 356 4482 ,
