2858 4750
631 350 794 427 non'
918 393 921 400 ,
1006 433 1008 440 ,
1131 341 1229 429 201

221 523 259 574 ite
274 520 379 590 plurimi
387 519 470 582 ttbrt,
490 535 543 570 nou
557 537 590 571 ac
604 519 668 572 iam.
703 516 759 568 Liv.
774 514 807 582 7,
824 515 857 580 9,
872 513 898 567 8.
916 533 994 588 quem
1017 535 1089 570 urina
1103 517 1195 574 Roma

221 613 313 662 virum
324 599 516 676 fortissimum
533 602 632 666 habet,
649 601 784 672 procedat
797 601 916 672 agedum
938 602 977 654 acl
997 622 1130 674 pugnam.
1162 605 1195 656 de

220 710 273 762 qno
288 693 349 743 loco
372 691 423 742 vid.
440 689 600 740 Boeclerum.
626 688 721 755 virgil.
739 690 803 738 Aen.
818 688 852 752 2,
873 685 932 745 707.
949 705 1016 760 ergo
1038 709 1109 762 age,
1134 708 1196 744 care

218 787 315 848 pater,
333 775 430 828 cervici
444 777 583 842 imponere
599 781 719 827 nostrae.

252 880 367 930 Verbum
383 877 469 928 omitti
485 887 572 945 potest
593 878 621 928 in
638 875 788 944 colloquio,
815 891 866 943 quo
883 886 943 928 aute
966 876 1035 928 dictu
1056 877 1192 946 excipiun-

218 972 272 1028 tur,
291 963 373 1014 veluti
387 966 493 1016 Terent.
506 965 553 1014 Ad.
565 959 600 1025 5,
617 962 708 1024 8,·20.
726 981 779 1030 age
792 959 918 1030 prolixe,
939 963 1043 1016 Micio.
1063 963 1107 1014 ubi
1122 982 1192 1014 sem-

219 1047 267 1117 p‘er
284 1048 453 1113 dubitabunt,
479 1059 565 1100 utrum
584 1067 666 1116 agere
686 1045 799 1117 prolixe
819 1056 889 1096 esset
909 1047 1020 1113 benigne
1042 1065 1134 1114 agere,
1159 1065 1192 1098 uu

116 1157 126 1162 ·
219 1144 346 1186 commate
362 1135 520 1202 interposito
537 1133 730 1200 intelligeretur¹
747 1129 845 1198 aliquid
868 1130 997 1183 omissum.
1038 1135 1072 1184 At
1094 1151 1126 1185 ex
1146 1151 1191 1185 eu·
1288 1169 1290 1178 .

218 1218 368 1286 perioribus
382 1219 462 1270 facile
479 1219 635 1284 intelligitur
653 1215 758 1267 verbum
778 1215 918 1270 annuendi.

234 1319 320 1382 Cum
360 1319 456 1384 lurnli
471 1319 574 1384 verbo
591 1319 803 1403 coniungitur
826 1317 887 1396 ite,
913 1327 951 1380 ut
974 1340 1044 1382 nou
1069 1321 1193 1409 duplex

150 1403 287 1468 exsistet
303 1338 490 1469 exisorteio
500 1454 510 1485 ,
532 1403 588 1468 sed
601 1404 741 1492 simplici
759 1402 799 1466 ad
817 1403 882 1466 vim
900 1406 1082 1490 augendum
1094 1431 1193 1496 pree-

149 1492 302 1554 mittetur
317 1492 518 1555 coniunctio.
561 1491 741 1554 Ecomieis
763 1489 891 1552 nullum
916 1489 1107 1577 exemplum
1131 1515 1192 1556 un-

149 1585 303 1639 notutum
319 1576 442 1644 hube0=
466 1577 522 1640 sed
538 1573 693 1661 frequens
709 1574 785 1638 usus
809 1575 856 1638 est
872 1576 978 1662 poetis
997 1580 1191 1642 recentiori-

148 1661 219 1724 bus.
269 1661 351 1726 Rem
377 1685 453 1726 vero
476 1663 581 1748 ipsam
603 1663 731 1747 primus
763 1660 931 1746 perspexit
956 1662 1054 1727 Laur.
1079 1665 1189 1728 Valle:

149 1757 224 1810 unte
253 1768 328 1810 eum
354 1758 465 1825 erant,
497 1748 552 1832 qui
582 1756 748 1833 negarent.
802 1747 918 1808 Graeci
942 1749 1059 1813 eodem
1086 1752 1189 1816 modo

125 1829 199 1914 ‘llys
224 1843 394 1921 usurpant.
442 1831 515 1896 Vid.
540 1831 680 1919 Raphel.
701 1831 840 1894 Observ.
863 1829 904 1893 ed
925 1831 1012 1900 Nov.
1033 1837 1124 1901 Test.
1150 1860 1191 1901 ex
1277 1869 1280 1872 ·

147 1917 307 2004 Xenoph.
326 1924 454 2005 usse.
534 1927 538 1941 ’
1273 1926 1277 1932 “

248 2041 369 2108 Propert.
389 2029 589 2102 1,1,21.ση
611 2035 731 2108 agedum
756 2035 886 2091 eleusinae
909 2048 1025 2092 mentem
1042 2043 1191 2093 convertite
1273 2107 1274 2112 ¹

216 2137 338 2178 nostrae.
362 2127 428 2174 snt.
446 2125 531 2179 Theb.
546 2123 596 2188 10,
619 2122 661 2176 33.
680 2125 718 2175 ite
735 2141 803 2192 age,
833 2133 861 2175 et
883 2121 1002 2179 obsessis
1024 2123 1125 2194 vigiles
1141 2113 1199 2178 eir-¹

217 2209 346 2262 euvtdate
356 2207 499 2277 flavimus.
533 2211 621 2260 Valet.
637 2207 723 2258 Flauo.
737 2204 771 2273 3,
788 2207 850 2259 311.
866 2226 917 2260 vos
935 2227 987 2278 age
996 2203 1133 2277 funereas
1152 2204 1190 2260 a'd

220 2292 304 2346 litora
321 2294 428 2347 volvite
442 2294 540 2348 silvas.
559 2296 604 2346 sil.
621 2291 679 2343 Ital.
694 2290 735 2355 11,
754 2291 812 2344 169.
832 2293 990 2346 Viuweitz
1016 2303 1043 2344 et
1054 2298 1190 2345 Burmann.

216 2379 249 2428 nd
270 2379 297 2430 1ι.
321 2378 340 2430 l.
372 2381 462 2452 Bartlt.
479 2378 513 2431 ad
536 2384 601 2431 Stet.
625 2375 710 2428 Theb.
731 2375 765 2440 4,
785 2376 845 2429 775.
871 2375 904 2443 5,
925 2377 983 2432 137.
1000 2379 1143 2430 uroukhus.
1163 2388 1191 2430 et

197 2465 300 2538 ¹Bur-m.
317 2464 351 2514 ud
368 2465 487 2532 Propert.
504 2464 537 2529 1,
555 2465 588 2528 1,
606 2463 649 2514 21.
673 2461 870 2542 Drvkenborch.
887 2463 920 2514 ed
942 2463 997 2514 Liv.
1015 2462 1065 2528 38,
1083 2460 1126 2525 47,
1146 2462 1189 2516 11.

216 2549 343 2599 Garaton.
363 2549 395 2599 ad
409 2549 462 2600 cte.
478 2567 519 2618 pt.
534 2551 593 2609 Mil.
605 2547 650 2600 21.
682 2547 859 2600 Ruddimann.
880 2548 908 2600 2.
931 2566 957 2617 p.
973 2547 1032 2610 321.
1056 2549 1190 2602 Ciceronis

214 2632 289 2686 locos
307 2633 379 2687 iufra
394 2623 533 2686 dabimus.
1229 2639 1235 2654 ¹

232 2749 297 2814 Sed
312 2749 409 2816 etiem
425 2751 534 2840 primu
548 2750 638 2816 verbi
653 2753 796 2836 persona
812 2759 844 2815 et
860 2750 1031 2837 singularis
1056 2763 1088 2836 et
1111 2751 1190 2841 plu·
1280 2757 1281 2764 ’

144 2834 223 2900 ralis
242 2839 439 2924 apponitur,
463 2836 538 2918 ubi,
562 2837 619 2921 qui
636 2837 733 2917 dicit,
756 2837 867 2922 ipsum
884 2857 917 2899 se
932 2837 1061 2901 excitat.

190 2957 196 2961 ”
249 2951 356 3013 Tere‘nt.
377 2956 488 3026 Adelph.
511 2953 545 3020 5,
568 2933 599 3021 1,
618 2955 662 3009 23.
680 2977 735 3028 age
755 2939 826 3010 nuiev
842 2957 897 3008 iam
912 2962 1086 3028 experiamur
1104 2975 1189 3029 porro

216 3051 322 3094 eontra.
357 3045 440 3098 Plaut.
464 3043 536 3096 Asin.
558 3039 590 3104 6,
612 3041 642 3106 1,
660 3041 687 3092 7.
711 3061 765 3113 age
781 3060 846 3112 ergo
868 3041 921 3095 boe
940 3046 1079 3114 agitemus
1098 3045 1190 3096 convi-

213 3130 291 3181 vium
304 3129 371 3181 vino
396 3137 423 3183 et
444 3147 569 3182 ternione
586 3129 677 3180 suavi.
699 3129 818 3178 Lactant.
836 3129 902 3180 Inst.
916 3127 949 3195 3,
969 3125 1002 3194 3,
1020 3127 1045 3179 9.
1063 3147 1115 3201 age
1130 3131 1190 3198 opi·

127 3231 136 3244 “
216 3229 314 3266 namur
332 3211 367 3266 de
383 3224 459 3266 statu
473 3224 501 3268 et
514 3211 652 3286 qualitate
668 3209 743 3263 urbis
757 3210 845 3264 illivs.

229 3315 351 3380 Pluruli
368 3337 509 3381 numero
531 3315 649 3378 dicitur·
663 3309 698 3376 in
714 3295 1023 3399 eumdem'modum
1040 3316 1147 3402 agite.

248 3435 329 3487 Ptaut,
351 3437 425 3486 Curc.
441 3434 472 3500 1,
492 3435 524 3496 1,
545 3433 585 3484 88.
610 3437 686 3504 agite
704 3427 803 3494 bibite,
815 3423 944 3502 festivae
960 3430 1052 3504 fores.
1070 3435 1150 3496 Stich.
1164 3434 1187 3497 1,

213 3516 242 3580 3,
262 3517 304 3570 63.
322 3517 401 3589 logos
410 3519 542 3574 ridiculos
552 3517 660 3570 vendo:
680 3521 756 3589 agite
771 3517 900 3571 liceminn
916 3511 1076 3588 virgit'nen
1096 3517 1120 3580 1,
1130 3518 1189 3572 627.

110 3608 115 3630 ”
216 3621 302 3674 quare
322 3608 432 3675 agiteo
452 3609 546 3668 tectis,
575 3603 702 3664 iuvenes,
729 3603 866 3656 succedite
887 3609 999 3659 nostris.
1024 3605 1088 3657 Stat.
1106 3605 1188 3656 Theb.

214 3687 264 3753 11,
284 3685 344 3740 478.
362 3694 440 3761 agite
458 3696 512 3776 ite,
531 3686 672 3757 obsistite,
694 3685 807 3740 clamat.
840 3677 851 3683 ’

135 3829 147 3845 ·
228 3810 261 3870 2.
291 3805 359 3870 Huc
378 3801 615 3893 significatione
633 3827 736 3890 quum
759 3803 913 3892 ponitur,
937 3799 1006 3870 non
1027 3829 1103 3870 reto
1130 3830 1188 3872 un-

142 3911 264 3956 nexum
280 3891 429 3960 videmus
445 3892 642 3978 porticulum
667 3891 766 3968 dum,
799 3889 966 3976 agedum,
997 3891 1187 3978 agitedum.

144 3997 228 4059 quae
253 3976 361 4048 curin
377 3975 547 4040 nonnullis
565 3975 656 4059 loeis
674 3975 825 4063 suspecte
848 3975 1035 4040 viderentur
1060 3978 1187 4060 criticis,

143 4059 331 4150 millenerut
356 4081 480 4124 caussa.
523 4061 573 4126 De
589 4083 670 4127 voce
687 4081 763 4127 nvn
778 4077 838 4124 suo
852 4060 929 4126 luco
947 4063 1104 4128 dicemus.

219 4248 222 4260 ἢ
245 4180 327 4236 tuus
344 4179 413 4234 Rnd.
426 4179 460 4247 8,
476 4177 509 4251 5,
529 4179 555 4233 6.
574 4179 694 4259 agedrtm
709 4196 774 4254 ergo
790 4179 889 4270 aceede
904 4180 956 4236 leue
972 4183 1066 4238 modo.
1080 4183 1186 4235 Terent.

939 4314 953 4366 l
