2866 4754
506 274 764 389 ’,ΔΝᾘ
892 371 895 378 .
1023 319 1211 408 1θεν

175 464 210 532 2,
228 461 306 529 4,·1.
333 459 371 538 2,
396 459 429 524 2,
450 446 606 528 5.·t'at0s,
631 475 663 520 nt
686 477 773 538 puto.
799 469 902 522 iustam
924 469 1146 526 attentionem:

177 567 259 621 quam
278 543 370 601 tamen
395 543 509 606 dubito.
537 565 574 613 ,an
599 546 651 605 titt
674 549 789 623 probari
811 551 902 606 velim.
936 555 988 606 Sed
1005 555 1037 624 6,
1054 555 1107 624 27,
1122 557 1146 610 1¹.

181 631 292 696 debite,
314 652 378 684 num
399 631 472 686 idem
488 628 539 684 tibi
556 633 688 701 suadere,
708 637 784 712 quod
800 635 875 700 milti,
892 633 1013 712 debeam.

106 787 110 792 ,
191 714 234 802 Π.
277 715 426 798 Medium
455 714 566 780 locum
595 717 681 784 inter
704 723 876 788 sententias
899 718 1091 802 dubitttivas
1115 731 1149 785 et

110 800 385 888 interrogationes
407 811 583 887 ¹occupant
626 825 680 869 eae
719 807 975 887 enuntiationes,
1029 802 1147 892 quibus

103 888 332 974 praesumitur
358 885 500 970 aliquem
533 885 691 960 dubitare.
743 890 811 955 Cic.
842 915 877 978 p.
908 892 999 957 Balb.
1030 895 1067 967 6,
1097 895 1148 956 14.

108 973 209 1060 qnasi
225 994 300 1036 vero
317 971 499 1046 leeiussit,
531 995 632 1058 quum
650 974 687 1047 in
705 985 806 1040 tanta
825 973 1001 1062 ,republica
1022 971 1149 1062 versere
1224 1008 1230 1019 ·

109 1069 144 1122 et
161 1056 321 1122 maximis
337 1056 485 1143 negotiis
494 1059 643 1146 praesis,
653 1055 776 1147 fucere
790 1061 932 1148 aliquid,
954 1057 1044 1148 quod
1058 1062 1149 1127 scitis
1196 1070 1202 1085 “

108 1165 179 1207 non
193 1143 312 1218 licere,
329 1165 380 1227 ,en
398 1137 535 1216 omnino
551 1145 696 1219 nescire,
721 1144 803 1231 quid
815 1145 929 1210 licent.
971 1147 1149 1218 Lambinus

109 1238 143 1292 et
156 1225 334 1292 'Sohiitzius
349 1228 549 1314 scripserunt
567 1253 669 1316 qnam
691 1232 827 1296 omnino
849 1232 989 1296 nescire.
1030 1237 1073 1298 At
1096 1233 1150 1298 di·
1204 1304 1207 1318 γ

109 1312 154 1376 cit
175 1323 305 1378 orator:
335 1315 427 1399 quasi
448 1312 519 1400 quis
544 1325 694 1398 quaerat,
722 1316 867 1381 leviusne
891 1317 933 1380 sit
953 1315 1061 1402 facere
1089 1317 1150 1381 ali-

110 1398 210 1484 quid,
234 1398 325 1486 quod
339 1399 419 1463 scias
430 1421 501 1480 nori
520 1397 636 1482 licere,
673 1425 714 1464 aii
739 1402 876 1476 omnino
900 1403 1042 1482 nescire,
1071 1402 1150 1488 quid

104 1484 222 1558 liceat:
249 1483 337 1572 quod
356 1493 421 1564 est,
456 1506 555 1562 nemo
579 1487 757 1568 dubitabit,
791 1489 872 1574 quin
899 1489 1028 1573 gravius
1051 1488 1093 1551 sit
1114 1489 1151 1551 iii

107 1569 166 1634 tali
181 1569 334 1658 homine,
355 1568 463 1634 faeere
481 1571 569 1656 quod
586 1575 665 1638 sciat
680 1596 751 1650 non
764 1574 872 1655 licere,
894 1595 994 1660 quam
1012 1571 1151 1646 omnino
1186 1616 1190 1628 ·

107 1657 254 1740 nescire,
276 1654 354 1740 quid
376 1655 479 1723 liceat.
520 1655 559 1734 In
580 1657 669 1724 hune
692 1659 830 1724 modum
855 1657 1077 1723 emendandus
1103 1667 1159 1730 cstx

107 1739 207 1806 Plinii
220 1743 338 1828 Pancg.
355 1745 467 1821 89‚,2.
491 1765 628 1830 cnmqne
651 1769 709 1820 eo,
745 1745 802 1830 qni
827 1744 1029 1830 adoptavit,
1059 1743 1152 1808 nini-
1171 1743 1194 1806 ᾗ

109 1828 244 1900 cissime
259 1825 433 1890 contendis
443 1875 452 1906 ,
469 1829 647 1913 pulchrius
661 1828 792 1980 suisset
808 1830 968 1916 genuisse
985 1830 1090 1894 talem
1105 1852 1168 1910 an,

107 1913 281 2000 genuisse.
322 1910 431 1999 Vulgo
446 1912 567 2012 legitur
577 1914 660 2000 pulc
672 1917 754 1980 arins
762 1911 893 2002 juisse.-
916 1917 1079 1982 Gosnerus
1099 1924 1153 1986 ve-

108 2020 186 2070 rum
206 1996 393 2088 expendens
417 1999 559 2064 coniecit
578 2000 800 2088 pnlcliriiisne
811 1996 943 2088 fuerit:
975 1999 1153 2076 sedetiam

108 2081 475 2171 plusquamperfectum
490 2095 603 2174 aptum
620 2096 686 2168 est,
719 2095 751 2150 et
767 2085 895 2150 facilior
910 2085 971 2164 ista
996 2084 1153 2149 emenda·
1244 2123 1246 2128 ,

108 2172 168 2235 tio.
221 2167 307 2234 Nam
328 2169 530 2236 contendere
559 2171 594 2236 iii
622 2194 657 2237 se
679 2171 780 2236 habet
810 2171 1014 2258 quaeritandi
1046 2171 1153 2236 ambi·-

108 2256 280 2344 guitatem.
613 2315 615 2318 .

191 2337 247 2412 III.
283 2339 476 2405 Accedimus
491 2363 581 2405 nunc
600 2339 754 2406 adusum
769 2340 925 2404 vocabuli
936 2358 984 2420 Ait
1000 2341 1036 2404 in
1050 2339 1155 2406 inter.-

108 2425 346 2515 rogationibus.
354 2426 669 2514 frequentissimum,
691 2449 789 2514 quem
807 2427 834 2491 si
852 2437 963 2498 totum
979 2425 1155 2512 complecti

107 2522 144 2582 ,et
158 2513 206 2610 ‘in
225 2511 309 2598 'ipsis
332 2512 500 2600 principiis
523 2513 709 2611 perspicere
733 2511 888 2594 velimus,
919 2533 1052 2576 necesse
1082 2512 1156 2592 erit,

15 2665 17 2671 ,
106 2617 297 2686 universam
313 2598 520 2680 doctrinam,
541 2619 622 2685 quae
636 2599 902 2686 interrogationis
922 2595 1048 2662 formas
1063 2597 1156 2662 Lati-

111 2683 161 2754 nis
180 2683 311 2747 usitatas
329 2683 500 2760 eontinet,
510 2685 622 2770 paucis
641 2684 744 2748 verbis
762 2705 977 2770 exponamus.
1021 2682 1106 2754 Nam
1120 2683 1156 2757 in

108 2790 149 2836 ,ea
172 2768 309 2832 vertitur
321 2769 466 2833 maxime
481 2767 534 2832 illa
559 2770 725 2854 quaestio,
754 2790 860 2855 neque
883 2768 949 2831 ulla
974 2777 1022 2830 est
1043 2787 1167 2852 gram-¹

66 2860 68 2864 '
112 2854 198 2950 ticae
221 2876 316 2942 pars,
344 2855 467 2950 inqua
484 2853 552 2917 'viri
575 2854 691 2934 docti,
725 2875 794 2916 non
817 2862 906 2922 certo
939 2849 1156 2930 fundamento

111 2941 196 3014 nisi,
222 2938 281 3002 sed
298 2937 509 3026 opinionibus
524 2937 589 3002 huc
607 2937 684 3002 illuc
701 2937 966 3018 traducti,‘rem,
981 2957 1073 3032 ⁶quae
1087 2945 1156 3002 sta-
1219 2958 1227 2977 ¹

48 3067 50 3072 ·
112 3025 189 3088 bilis
205 3032 237 3086 et
252 3025 426 3113 perspicua
446 3033 530 3102 erat,
554 3023 751 3088 obscuritate
774 3019 878 3084 offusa
902 3043 1005 3106 magis
1024 3031 1158 3107 pertur-

113 3109 251 3188 barent,
280 3108 476 3197 longiusque
504 3132 522 3172 a
547 3107 689 3174 veritatis
718 3106 925 3194 simplicitate
958 3105 1155 3172 aberrarent.
1204 3137 1206 3140 ·

110 3195 183 3260 xSed
199 3215 303 3279 quum
322 3205 396 3260 ante
412 3195 524 3258 omnia
538 3195 705 3276 uniuersae
719 3193 768 3256 rei
785 3192 884 3257 cardo
903 3193 1009 3257 teneri
1028 3191 1155 3272 debeat,

117 3280 157 3346 ab
175 3283 249 3366 ipsa
266 3279 347 3344 adeo
365 3279 631 3366 interrogationis
646 3288 763 3342 natura
779 3278 1001 3365 incipiendum
1018 3288 1075 3341 est.

110 3427 116 3433 ,
199 3363 417 3450 interrogatio
442 3365 542 3450 igitur
554 3383 781 3462 quaecumque
801 3362 1051 3450 comprehendit
1065 3362 1157 3445 cogi-

116 3451 278 3514 tationem
301 3451 462 3514 incertam
486 3460 517 3514 et
542 3445 736 3526 dubitationi
761 3449 957 3522 obnoxiam,
989 3447 1159 3533 oriturque
1255 3443 1257 3452 ’

111 3557 171 3599 ex.
186 3535 347 3599 desiderio
373 3533 593 3608 conficiendae
622 3557 659 3600 ac
683 3533 926 3598 confirmandae
950 3531 1157 3618 cognitionis.

117 3620 253 3707 Duplex
270 3630 379 3684 autem
396 3622 464 3685 eius
481 3631 529 3685 est
542 3639 655 3708 genus.
697 3619 783 3684 Nam
799 3629 853 3682 aut
869 3617 1058 3705 quaerimus.
1070 3615 1160 3681 de're

118 3706 304 3792 incognita,
327 3707 467 3792 quaesit
485 3717 517 3771 et
536 3729 645 3770 ourea
662 3706 720 3781 sit,
743 3727 774 3770 v.
794 3727 821 3768 c.
844 3703 917 3790 quis
943 3699 1002 3766 itte
1023 3713 1073 3768 est
1095 3703 1159 3766 lio-

119 3787 201 3854 mo?
221 3789 432 3878 curnegnsf
453 3803 508 3858 aut
524 3793 785 3879 interrogamus,
818 3791 968 3871 sitneires
985 3787 1037 3869 id,
1070 3786 1160 3874 quod
1224 3843 1227 3848 ,

120 3874 280 3956 dicimus,
302 3900 344 3942 an
359 3899 448 3959 non,
468 3879 534 3942 sive
561 3879 659 3941 aliud.
701 3873 796 3956 illud'
810 3875 960 3962 primum
982 3894 1082 3958 genus
1105 3874 1159 3937 in-

120 3961 220 4024 servit
236 3961 438 4049 cognitioni,
461 3983 542 4047 quae
559 3963 666 4026 adhuc
686 3961 776 4034 nulla
796 3971 861 4042 est,
885 3957 1159 4024 conformandae:

114 4044 187 4128 hoc
206 4045 517 4133 alterum'expriinit
535 4040 790 4136 dubitationem,
820 4046 855 4109 in
882 4067 946 4132 qua
966 4043 1160 4110 haesitantes

122 4152 185 4208 iios
203 4133 420 4220 pronuntiare
441 4154 512 4198 non
536 4132 710 4216 audemus,
737 4153 798 4198 nec
822 4151 1031 4218 possumus,
1047 4141 1160 4202 utrum
1232 4157 1234 4164 ,
