2866 4754
187 291 336 431 ”sos
717 326 920 402 ,sones

269 489 472 576 separator,
513 481 754 572 antepono,
784 498 886 554 onte
914 485 1102 572 domam,
1139 489 1310 578 steigni-

260 571 355 662 ficet
391 571 449 658 nod
483 595 669 661 graecam,
706 572 863 638 ‘localem
901 583 934 642 et
977 575 1220 660 temporalem,
1273 588 1312 642 nt

270 671 445 740 anteco,
466 651 705 743 noonoossiopon,
743 669 846 724 onte
876 679 1052 739 annum,
1079 657 1138 745 nod
1162 663 1310 730 ἐνιαυτοῦ.
1344 697 1351 707 ν

250 757 252 770 “
268 743 444 811 Invenitur
459 744 564 808 etiam
578 743 652 806 sine
667 765 768 824 casa,
797 743 836 808 in
857 765 922 832 qno
936 743 1010 808 loco
1034 743 1194 811 adverbii
1216 769 1311 812 aoce-

156 897 161 903 ,
261 830 373 918 pitter.
416 823 602 916 Sspnifioat
625 827 715 891 enim
733 840 887 910 antea,
908 827 1178 917 qoodestapnd
1196 831 1310 898 Grae-

268 937 325 979 cos
338 911 490 1000 πρότερον.
533 913 741 978 decentiores
768 910 921 978 doctores
936 912 1113 990 ablativum
1130 939 1148 979 a
1162 938 1242 1005 prae
1268 939 1310 982 o·

242 1059 249 1081 ,
267 999 388 1064 sitione
401 999 471 1087 regi
486 1007 542 1062 aut
554 995 730 1082 negabant,
752 1007 790 1062 ut
804 994 946 1098 Bangius
964 1003 1124 1086 p.‚1189.,
1145 1009 1233 1066 aute
1272 1025 1309 1067 r·
1416 1047 1418 1056 .

265 1081 408 1150 mabant
424 1083 575 1170 ambigua
596 1081 740 1170 quidem·
753 1093 931 1150 sententias
959 1105 1038 1154 nam
1058 1083 1308 1152 Ruddimannus

224 1169 228 1189 ‘
267 1167 372 1236 Tom.
386 1167 414 1234 Ι.
435 1192 471 1260 p.
486 1165 666 1234 291.bune
684 1167 861 1234 ablativum
877 1167 1020 1258 explicat
1036 1169 1146 1235 addito
1162 1172 1210 1236 in.
1242 1173 1307 1238 Res

198 1297 202 1300 -
265 1254 339 1343 ipsa
356 1255 401 1320 ita
416 1275 451 1320 se
466 1251 577 1319 babai.
596 1325 599 1334 Ἰ
618 1253 846 1320 Latinilooum
860 1255 909 1320 rei
924 1255 1124 1342 antepositae
1133 1266 1167 1321 et
1175 1261 1307 1348 tempus

265 1349 491 1429 antegressum
515 1338 728 1426 designabant
754 1343 890 1404 notione
913 1339 1101 1406 directionis
1119 1341 1154 1406 in
1178 1353 1307 1412 sermm

263 1427 464 1508 terminum,
494 1445 578 1513 quae
599 1423 782 1488 accusativo
805 1433 950 1490 notatur.
994 1427 1088 1506 Quae
1112 1427 1308 1516 interposita

263 1522 341 1576 sunt
356 1506 464 1601 spatio
477 1510 529 1576 vel
545 1520 714 1596 tempore,
736 1510 966 1598 exprimebant
978 1511 1118 1577 ablativa
1134 1535 1219 1593 casu,
1237 1515 1306 1601 quo

261 1619 375 1665 rerum
390 1597 485 1662 locus
508 1606 541 1660 et
561 1593 724 1684 temporis
745 1617 823 1682 pars
847 1593 1059 1684 significatur.
1111 1599 1220 1678 Quare
1243 1600 1307 1664 ali·

263 1693 424 1770 quantum
438 1675 595 1746 differunt
613 1699 710 1745 sensu
724 1679 787 1745 hae
803 1681 961 1746 dictiones
981 1695 1062 1747 ante
1078 1695 1222 1772 quatuor
1238 1709 1306 1750 an-

204 1828 207 1836 .
261 1792 342 1850 nos,
360 1777 506 1856 quatuor
520 1777 601 1849 ante
617 1765 742 1847 annis,
761 1777 793 1831 et
816 1767 908 1854 quod
930 1767 1018 1860 apud
1034 1768 1163 1834 Livium
1185 1769 1306 1856 legitur
1333 1841 1335 1849 ,

137 1849 140 1862 '
251 1855 314 1934 ⁵40,
327 1854 381 1942 ,52
390 1902 401 1934 ,
425 1859 455 1928 1.
480 1852 520 1918 de
538 1851 683 2001 templis,
701 1874 788 1938 qssae
801 1851 889 1938 dello
904 1851 1089 1941 Ligustino
1105 1866 1186 1920 ante
1202 1857 1306 1921 annis

261 1951 337 2004 octo
352 1939 492 2006 oooisset
507 1960 577 2003 non
592 1939 603 2002 i
628 1959 680 2002 em
691 1947 740 2001 est
755 1938 846 2026 qnod
862 1949 1032 2004 anteacto
1049 1963 1170 2024 annos,
1184 1962 1304 2028 quam-

145 2073 147 2076 .
261 2031 363 2112 quam
377 2026 424 2089 ita
439 2025 503 2090 dici
518 2033 668 2114 poterat,
687 2023 744 2088 sed
767 2035 872 2088 antea
899 2045 991 2088 anno
1021 2025 1214 2092 actitanda
1261 2049 1303 2092 ua

219 2159 225 2178 .
260 2131 298 2176 re
312 2110 426 2198 paullo
442 2120 523 2198 post
542 2110 660 2174 dicam.
710 2108 811 2188 Quod
828 2109 865 2172 in
888 2110 1047 2174 veteribus
1068 2111 1231 2200 lapidibus
1239 2049 1305 2177 ie-

260 2196 350 2285 gitur
365 2191 589 2284 antestante,
618 2197 674 2258 aut
690 2192 927 2282 compendium
945 2193 1044 2260 habet
1067 2197 1303 2279 oblitteratum,

264 2289 321 2346 aut
335 2302 451 2346 eorum
465 2281 611 2347 inscitiae
626 2279 786 2359 debetur,
815 2281 873 2366 'qui
887 2279 1029 2346 scribere
1053 2279 1202 2348 solebant
1226 2305 1304 2348 essm
1350 2294 1353 2300 '
1428 2319 1429 2368 o

68 2453 70 2460 Ι
259 2365 440 2455 coniugem
454 2388 573 2450 saom,
595 2387 619 2431 a
641 2363 745 2430 latas.
766 2363 1044 2434 vid.ta1mas.sd
1064 2367 1205 2470 Capitol.
1220 2369 1301 2436 Ver.

259 2455 292 2516 9.
313 2473 349 2540 p.
369 2454 444 2518 431.
472 2469 477 2474 ’

193 2646 195 2660 1
344 2569 511 2658 Maximus
532 2561 723 2638 Victorinus
736 2593 770 2662 p.
788 2575 882 2644 1958.
906 2582 1102 2660 antequam
1118 2573 1225 2662 gnavi
1237 2598 1302 2641 aa·

257 2669 356 2724 centa
363 2658 620 2743 pronuntiatur,
632 2657 846 2746 praepositio
864 2669 931 2740 eet,
952 2668 1009 2722 ot:
1036 2670 1116 2724 onte
1122 2655 1255 2750 focam,
1269 2662 1304 2729 si

253 2739 373 2833 frigus
389 2743 466 2809 erit⁴
509 2742 549 2807 Si
565 2754 681 2813 autem
703 2755 814 2822 acuto,
821 2739 891 2830 fiet
910 2739 1107 2810 adverbium
1126 2748 1301 2848 temporis,

257 2841 314 2894 nt.-
343 2839 424 2896 ante
447 2827 601 2915 equidem
616 2837 751 2894 summa
773 2827 869 2914 dere
888 2827 1048 2894 statuisse
1072 2828 1208 2896 Lotim.
1259 2831 1301 2900 In

169 2953 171 2965 ν
255 2914 503 3007 praepositione
517 2914 606 2980 enim
622 2937 699 2980 oum
720 2915 858 2981 nomine
873 2915 1049 2979 coniuncta
1064 2916 1226 2982 minuitur
1242 2924 1300 2982 ac'-

257 3012 371 3066 centus
393 3001 460 3079 vis',
487 2997 590 3088 fitque
613 3000 719 3090 gravis
741 3000 777 3064 in
797 3001 915 3066 ultinm
935 2998 1079 3088 syllaba:
1096 3001 1170 3092 ipsa
1190 3014 1300 3078 autem

220 3085 406 3183 „vocabuli
421 3089 538 3152 natura
554 3109 625 3152 non
640 3095 797 3152 mutatur.
934 3095 937 3100 “
1004 3103 1022 3116 ·’

256 3274 261 3282 ,
337 3203 365 3272 Ι.
413 3209 443 3270 1.
470 3205 554 3269 Vsus
570 3205 720 3279 vocabuli
741 3223 853 3284 enan,
878 3215 917 3270 ut
937 3203 1004 3270 iam
1022 3204 1064 3270 ab
1081 3206 1228 3274 Gesnero
1242 3206 1297 3274 ia-

255 3300 346 3368 ctum
363 3298 429 3370 est,
452 3288 493 3354 sd
506 3289 691 3380 triacspita
712 3290 828 3358 referri
845 3300 968 3379 potest.
1008 3291 1094 3356 Nam
1120 3305 1300 3391 usurpatur
1347 3351 1350 3365 .

253 3387 310 3442 aut
326 3376 367 3444 de
380 3376 477 3463 laco,
506 3384 562 3441 aut
585 3377 626 3442 de
641 3389 811 3466 temporo,
840 3386 896 3440 sut
919 3375 960 3442 de
977 3389 1223 3465 comparatione
1239 3403 1298 3444 re-

252 3483 330 3528 rum
343 3463 589 3551 praestantium.
631 3465 677 3528 Ae
693 3484 796 3552 quum
813 3461 941 3527 deloco
957 3460 1096 3544 dieitur,
1118 3464 1152 3529 id
1169 3464 1299 3552 signifi-

253 3559 363 3613 catur:
389 3548 478 3634 qnod
505 3569 546 3612 ex
567 3548 702 3615 adverso
722 3559 755 3616 et
776 3571 794 3613 a
814 3547 926 3614 fronte
947 3549 1094 3636 positum
1116 3561 1177 3618 est.
1203 3551 1298 3638 ,Op-

252 3633 393 3720 ponitur
405 3633 457 3713 id,
481 3633 572 3720 quod
587 3645 712 3722 postet
727 3657 746 3700 a
762 3645 855 3720 tergo
874 3635 1040 3720 positum,
1071 3644 1103 3706 ,et
1120 3633 1211 3724 quod
1228 3637 1298 3702 cir-

252 3739 330 3784 cum
347 3729 408 3802 est.
453 3720 570 3785 Graeci
586 3720 699 3799 dicunt
715 3715 791 3804 πρό,
813 3740 874 3784 noe
889 3741 961 3785 aar,
1067 3736 1068 3740 ’

354 3839 453 3908 talpis.
461 3838 620 3905 secieto,
628 3839 654 3894 9.
663 3849 729 3912 post
738 3849 848 3893 moeros
856 3839 975 3912 Aegina,
983 3840 1185 3912 ontoMsgars,
1194 3839 1297 3898 dextra

323 3923 463 3992 Piraeeus,
479 3927 594 3979 sinistra
616 3921 775 3983 Corinthus.
808 3917 1056 3986 Snetcnvceeaffl,
1074 3926 1133 3978 nv.
1149 3923 1249 3989 9,,81.
1268 3927 1297 3978 9.

319 4019 386 4063 onte
402 4011 484 4080 signo
502 4011 626 4082 circaque
643 4025 737 4065 omnes
757 4009 920 4066 aesiderant.
935 4049 937 4052 -
951 4013 1025 4064 cent.
1049 4009 1101 4074 42,
1118 4007 1169 4075 ⁵8,
1186 4007 1227 4064 la
1248 4007 1295 4078 27,

321 4094 371 4159 18,
386 4091 412 4146 ⁵.
433 4091 543 4162 fbsaius
564 4091 606 4153 ,ab
626 4104 725 4167 tergo.-
748 4106 817 4154 ants
838 4099 963 4168 circoque
980 4092 1060 4150 velut
1079 4094 1144 4165 ripa
1159 4112 1295 4166 praesepe

313 4197 399 4234 orsos
425 4180 483 4236 stes
506 4195 614 4236 omnem
641 4177 781 4256 cingebat.
812 4179 848 4250 7,
863 4177 921 4246 dd.
947 4176 994 4236 ἢ·
1021 4177 1122 4252 dextro
1147 4177 1295 4256 locvm,
