<?xml version="1.0" encoding="UTF-8"?>
<!DOCTYPE html PUBLIC "-//W3C//DTD XHTML 1.0 Transitional//EN"
    "http://www.w3.org/TR/xhtml1/DTD/xhtml1-transitional.dtd">
<html xmlns="http://www.w3.org/1999/xhtml" xml:lang="en" lang="en">
 <head>
  <title>
</title>
<meta http-equiv="Content-Type" content="text/html;charset=utf-8" />
  <meta name='ocr-system' content='tesseract 3.04.00' />
  <meta name='ocr-capabilities' content='ocr_page ocr_carea ocr_par ocr_line ocrx_word'/>
</head>
<body>
  <div class='ocr_page' id='page_1' title='image "./ferdinandihandi01handgoog_0412.png"; bbox 0 0 2866 4754; ppageno 0'>
   <div class='ocr_carea' id='block_1_1' title="bbox 502 362 1185 494">
    <p class='ocr_par' dir='ltr' id='par_1_1' title="bbox 502 362 1185 494">
     <span class='ocr_line' id='line_1_1' title="bbox 502 362 1185 494; baseline -0.01 -54"><span class='ocrx_word' id='word_1_1' title='bbox 502 432 506 440; x_wconf 85' lang='lat'><em>.</em></span> <span class='ocrx_word' id='word_1_2' title='bbox 603 362 735 446; x_wconf 72' lang='grc' dir='ltr'><strong>ΑΝΤΕ.</strong></span> <span class='ocrx_word' id='word_1_3' title='bbox 974 476 981 494; x_wconf 32' lang='lat' dir='ltr'><em>o</em></span> <span class='ocrx_word' id='word_1_4' title='bbox 1121 378 1185 442; x_wconf 69' lang='grc'><strong>589</strong></span> 
     </span>
    </p>
   </div>
   <div class='ocr_carea' id='block_1_2' title="bbox 121 515 1184 846">
    <p class='ocr_par' dir='ltr' id='par_1_2' title="bbox 121 515 1184 846">
     <span class='ocr_line' id='line_1_2' title="bbox 121 515 1184 588; baseline 0.001 -11"><span class='ocrx_word' id='word_1_5' title='bbox 121 529 126 536; x_wconf 89' lang='grc'><em>“</em></span> <span class='ocrx_word' id='word_1_6' title='bbox 161 561 163 566; x_wconf 87' lang='grc'><strong>-</strong></span> <span class='ocrx_word' id='word_1_7' title='bbox 198 521 325 579; x_wconf 74' lang='lat' dir='ltr'><strong>&#39;tovensi</strong></span> <span class='ocrx_word' id='word_1_8' title='bbox 343 521 392 587; x_wconf 86' lang='lat'><strong>10,</strong></span> <span class='ocrx_word' id='word_1_9' title='bbox 411 519 470 576; x_wconf 62' lang='lat'>191⁵</span> <span class='ocrx_word' id='word_1_10' title='bbox 489 515 644 588; x_wconf 72' lang='lat' dir='ltr'><strong>deformem</strong></span> <span class='ocrx_word' id='word_1_11' title='bbox 661 533 691 578; x_wconf 79' lang='lat' dir='ltr'><strong>cc</strong></span> <span class='ocrx_word' id='word_1_12' title='bbox 711 532 810 578; x_wconf 75' lang='lat' dir='ltr'><strong>tetrum</strong></span> <span class='ocrx_word' id='word_1_13' title='bbox 828 523 894 580; x_wconf 77' lang='lat' dir='ltr'><strong>sinte</strong></span> <span class='ocrx_word' id='word_1_14' title='bbox 909 532 1002 584; x_wconf 75' lang='lat' dir='ltr'><strong>omnia</strong></span> <span class='ocrx_word' id='word_1_15' title='bbox 1022 529 1131 584; x_wconf 69' lang='lat' dir='ltr'><strong>analeum</strong></span> <span class='ocrx_word' id='word_1_16' title='bbox 1148 557 1184 578; x_wconf 80' lang='grc'><strong>.-</strong></span> 
     </span>
     <span class='ocr_line' id='line_1_3' title="bbox 213 605 1183 686; baseline 0.004 -24"><span class='ocrx_word' id='word_1_17' title='bbox 213 609 335 681; x_wconf 81' lang='lat' dir='ltr'><strong>adspice.</strong></span> <span class='ocrx_word' id='word_1_18' title='bbox 358 609 377 660; x_wconf 89' lang='lat' dir='ltr'><strong>i.</strong></span> <span class='ocrx_word' id='word_1_19' title='bbox 396 626 419 659; x_wconf 87' lang='lat' dir='ltr'><strong>e.</strong></span> <span class='ocrx_word' id='word_1_20' title='bbox 443 623 506 675; x_wconf 84' lang='lat' dir='ltr'><strong>prae</strong></span> <span class='ocrx_word' id='word_1_21' title='bbox 522 605 649 674; x_wconf 88' lang='lat' dir='ltr'><strong>reliquis,</strong></span> <span class='ocrx_word' id='word_1_22' title='bbox 674 609 795 677; x_wconf 86' lang='lat' dir='ltr'><strong>primum.</strong></span> <span class='ocrx_word' id='word_1_23' title='bbox 830 611 887 662; x_wconf 80' lang='lat' dir='ltr'><strong>Lir.</strong></span> <span class='ocrx_word' id='word_1_24' title='bbox 903 609 956 676; x_wconf 80' lang='lat'><strong>85,</strong></span> <span class='ocrx_word' id='word_1_25' title='bbox 969 612 1022 677; x_wconf 74' lang='lat'><strong>52,</strong></span> <span class='ocrx_word' id='word_1_26' title='bbox 1037 613 1064 668; x_wconf 78' lang='lat'><strong>4.</strong></span> <span class='ocrx_word' id='word_1_27' title='bbox 1090 620 1183 686; x_wconf 78' lang='lat' dir='ltr'><strong>ingen·</strong></span> 
     </span>
     <span class='ocr_line' id='line_1_4' title="bbox 209 691 1184 768; baseline 0.007 -23"><span class='ocrx_word' id='word_1_28' title='bbox 209 703 266 750; x_wconf 79' lang='lat' dir='ltr'><strong>tem</strong></span> <span class='ocrx_word' id='word_1_29' title='bbox 286 696 344 752; x_wconf 86' lang='lat' dir='ltr'><strong>uim</strong></span> <span class='ocrx_word' id='word_1_30' title='bbox 362 691 489 761; x_wconf 82' lang='lat' dir='ltr'><strong>peditum</strong></span> <span class='ocrx_word' id='word_1_31' title='bbox 509 693 684 761; x_wconf 76' lang='lat' dir='ltr'><em>equitumque</em></span> <span class='ocrx_word' id='word_1_32' title='bbox 706 699 872 751; x_wconf 71' lang='lat' dir='ltr'><strong>ventrosus</strong></span> <span class='ocrx_word' id='word_1_33' title='bbox 894 694 977 750; x_wconf 79' lang='lat' dir='ltr'><strong>ludia</strong></span> <span class='ocrx_word' id='word_1_34' title='bbox 999 699 1184 768; x_wconf 74' lang='lat' dir='ltr'><strong>elephantos.-</strong></span> 
     </span>
     <span class='ocr_line' id='line_1_5' title="bbox 210 777 1183 846; baseline 0.002 -11"><span class='ocrx_word' id='word_1_35' title='bbox 210 791 278 835; x_wconf 79' lang='lat' dir='ltr'><strong>unte</strong></span> <span class='ocrx_word' id='word_1_36' title='bbox 297 780 406 840; x_wconf 73' lang='lat' dir='ltr'><strong>onznia,</strong></span> <span class='ocrx_word' id='word_1_37' title='bbox 428 791 481 846; x_wconf 80' lang='lat' dir='ltr'><strong>quo</strong></span> <span class='ocrx_word' id='word_1_38' title='bbox 500 777 620 828; x_wconf 77' lang='lat' dir='ltr'><strong>uraxtmc</strong></span> <span class='ocrx_word' id='word_1_39' title='bbox 637 781 741 830; x_wconf 79' lang='lat' dir='ltr'><strong>moueri</strong></span> <span class='ocrx_word' id='word_1_40' title='bbox 757 779 903 835; x_wconf 82' lang='lat' dir='ltr'><strong>credebant</strong></span> <span class='ocrx_word' id='word_1_41' title='bbox 922 781 1109 839; x_wconf 76' lang='lat' dir='ltr'><strong>multitudinis</strong></span> <span class='ocrx_word' id='word_1_42' title='bbox 1125 788 1183 838; x_wconf 83' lang='lat' dir='ltr'><strong>aui·</strong></span> 
     </span>
    </p>
   </div>
   <div class='ocr_carea' id='block_1_3' title="bbox 211 857 1297 939">
    <p class='ocr_par' dir='ltr' id='par_1_3' title="bbox 211 857 1297 939">
     <span class='ocr_line' id='line_1_6' title="bbox 211 857 1297 939; baseline 0.004 -22"><span class='ocrx_word' id='word_1_43' title='bbox 211 857 629 931; x_wconf 57' lang='lat' dir='ltr'><strong>moerentumadvebieuri,</strong></span> <span class='ocrx_word' id='word_1_44' title='bbox 656 865 789 932; x_wconf 76' lang='lat' dir='ltr'><strong>scipsos</strong></span> <span class='ocrx_word' id='word_1_45' title='bbox 813 867 1061 924; x_wconf 77' lang='lat' dir='ltr'><strong>emcreliomanos</strong></span> <span class='ocrx_word' id='word_1_46' title='bbox 1085 871 1183 939; x_wconf 80' lang='lat' dir='ltr'><strong>possit.</strong></span> <span class='ocrx_word' id='word_1_47' title='bbox 1243 863 1249 872; x_wconf 78' lang='grc'><em>”</em></span> <span class='ocrx_word' id='word_1_48' title='bbox 1295 881 1297 886; x_wconf 91' lang='grc'><em>·</em></span> 
     </span>
    </p>
   </div>
   <div class='ocr_carea' id='block_1_4' title="bbox 92 942 1183 1542">
    <p class='ocr_par' dir='ltr' id='par_1_4' title="bbox 92 942 1183 1542">
     <span class='ocr_line' id='line_1_7' title="bbox 92 942 1181 1014; baseline 0.005 -15"><span class='ocrx_word' id='word_1_49' title='bbox 92 953 104 974; x_wconf 69' lang='lat'>²</span> <span class='ocrx_word' id='word_1_50' title='bbox 211 946 360 1004; x_wconf 70' lang='lat' dir='ltr'><strong>Gronovius</strong></span> <span class='ocrx_word' id='word_1_51' title='bbox 380 943 506 1014; x_wconf 85' lang='lat' dir='ltr'><strong>praetulit</strong></span> <span class='ocrx_word' id='word_1_52' title='bbox 521 942 560 995; x_wconf 83' lang='lat' dir='ltr'><strong>ad</strong></span> <span class='ocrx_word' id='word_1_53' title='bbox 584 947 696 1012; x_wconf 74' lang='lat' dir='ltr'><strong>omnia,</strong></span> <span class='ocrx_word' id='word_1_54' title='bbox 725 947 837 1000; x_wconf 84' lang='lat' dir='ltr'><strong>fortasse</strong></span> <span class='ocrx_word' id='word_1_55' title='bbox 863 951 897 1004; x_wconf 92' lang='lat' dir='ltr'><strong>cb</strong></span> <span class='ocrx_word' id='word_1_56' title='bbox 920 955 1115 1008; x_wconf 78' lang='lat' dir='ltr'><strong>voc-maxime</strong></span> <span class='ocrx_word' id='word_1_57' title='bbox 1132 953 1181 1004; x_wconf 85' lang='lat' dir='ltr'><strong>ad-</strong></span> 
     </span>
     <span class='ocr_line' id='line_1_8' title="bbox 210 1036 302 1088; baseline -0.022 0"><span class='ocrx_word' id='word_1_58' title='bbox 210 1036 302 1088; x_wconf 71' lang='lat' dir='ltr'><strong>ditum</strong></span> 
     </span>
     <span class='ocr_line' id='line_1_9' title="bbox 248 1123 1181 1204; baseline 0.006 -17"><span class='ocrx_word' id='word_1_59' title='bbox 248 1124 333 1202; x_wconf 66' lang='lat' dir='ltr'><strong>„Ante</strong></span> <span class='ocrx_word' id='word_1_60' title='bbox 351 1133 448 1190; x_wconf 64' lang='lat' dir='ltr'><strong>omniu</strong></span> <span class='ocrx_word' id='word_1_61' title='bbox 479 1123 552 1186; x_wconf 71' lang='lat' dir='ltr'><strong>nasi</strong></span> <span class='ocrx_word' id='word_1_62' title='bbox 570 1134 656 1186; x_wconf 80' lang='lat' dir='ltr'><strong>forme</strong></span> <span class='ocrx_word' id='word_1_63' title='bbox 673 1135 797 1204; x_wconf 74' lang='lat' dir='ltr'><strong>frequens</strong></span> <span class='ocrx_word' id='word_1_64' title='bbox 819 1146 860 1188; x_wconf 85' lang='lat' dir='ltr'><strong>cst</strong></span> <span class='ocrx_word' id='word_1_65' title='bbox 882 1136 910 1188; x_wconf 88' lang='lat' dir='ltr'><strong>in</strong></span> <span class='ocrx_word' id='word_1_66' title='bbox 933 1141 1111 1193; x_wconf 76' lang='lat' dir='ltr'><strong>enumerandis</strong></span> <span class='ocrx_word' id='word_1_67' title='bbox 1135 1159 1181 1192; x_wconf 81' lang='lat' dir='ltr'><strong>ar·</strong></span> 
     </span>
     <span class='ocr_line' id='line_1_10' title="bbox 210 1219 1182 1293; baseline 0.003 -20"><span class='ocrx_word' id='word_1_68' title='bbox 210 1221 341 1291; x_wconf 78' lang='lat' dir='ltr'><strong>gementis</strong></span> <span class='ocrx_word' id='word_1_69' title='bbox 360 1219 403 1271; x_wconf 86' lang='lat' dir='ltr'><strong>rel</strong></span> <span class='ocrx_word' id='word_1_70' title='bbox 426 1219 569 1288; x_wconf 73' lang='lat' dir='ltr'><strong>capitibus,</strong></span> <span class='ocrx_word' id='word_1_71' title='bbox 601 1221 793 1289; x_wconf 83' lang='lat' dir='ltr'><strong>cumprimum</strong></span> <span class='ocrx_word' id='word_1_72' title='bbox 815 1222 951 1290; x_wconf 86' lang='lat' dir='ltr'><strong>ponitur.“</strong></span> <span class='ocrx_word' id='word_1_73' title='bbox 986 1226 1119 1293; x_wconf 81' lang='lat' dir='ltr'><strong>Spalding.</strong></span> <span class='ocrx_word' id='word_1_74' title='bbox 1149 1227 1182 1280; x_wconf 80' lang='lat' dir='ltr'><strong>ad</strong></span> 
     </span>
     <span class='ocr_line' id='line_1_11' title="bbox 211 1299 1183 1382; baseline 0.005 -22"><span class='ocrx_word' id='word_1_75' title='bbox 211 1306 339 1372; x_wconf 85' lang='lat' dir='ltr'><strong>Quinctil.</strong></span> <span class='ocrx_word' id='word_1_76' title='bbox 363 1302 397 1367; x_wconf 76' lang='grc'><strong>4,</strong></span> <span class='ocrx_word' id='word_1_77' title='bbox 414 1303 448 1365; x_wconf 70' lang='grc'><strong>2,</strong></span> <span class='ocrx_word' id='word_1_78' title='bbox 465 1299 491 1356; x_wconf 83' lang='grc'><strong>4.</strong></span> <span class='ocrx_word' id='word_1_79' title='bbox 512 1314 581 1358; x_wconf 75' lang='lat' dir='ltr'><strong>suut</strong></span> <span class='ocrx_word' id='word_1_80' title='bbox 600 1307 672 1360; x_wconf 83' lang='lat' dir='ltr'><strong>eninr</strong></span> <span class='ocrx_word' id='word_1_81' title='bbox 691 1317 758 1359; x_wconf 78' lang='lat' dir='ltr'><strong>unte</strong></span> <span class='ocrx_word' id='word_1_82' title='bbox 775 1309 876 1382; x_wconf 85' lang='lat' dir='ltr'><strong>omnia</strong></span> <span class='ocrx_word' id='word_1_83' title='bbox 896 1307 1030 1379; x_wconf 78' lang='lat' dir='ltr'><strong>quaedam</strong></span> <span class='ocrx_word' id='word_1_84' title='bbox 1050 1321 1109 1363; x_wconf 82' lang='lat' dir='ltr'><strong>tam</strong></span> <span class='ocrx_word' id='word_1_85' title='bbox 1126 1309 1183 1365; x_wconf 78' lang='lat' dir='ltr'><strong>bre·</strong></span> 
     </span>
     <span class='ocr_line' id='line_1_12' title="bbox 170 1381 1183 1467; baseline -0.002 -19"><span class='ocrx_word' id='word_1_86' title='bbox 170 1411 173 1420; x_wconf 61' lang='lat'>¹</span> <span class='ocrx_word' id='word_1_87' title='bbox 212 1411 261 1448; x_wconf 83' lang='lat' dir='ltr'><strong>ues</strong></span> <span class='ocrx_word' id='word_1_88' title='bbox 277 1407 389 1446; x_wconf 82' lang='lat' dir='ltr'><strong>caussae</strong></span> <span class='ocrx_word' id='word_1_89' title='bbox 407 1398 461 1447; x_wconf 53' lang='lat' dir='ltr'><strong>etc„</strong></span> <span class='ocrx_word' id='word_1_90' title='bbox 492 1387 577 1452; x_wconf 76' lang='lat' dir='ltr'><strong>1.e,</strong></span> <span class='ocrx_word' id='word_1_91' title='bbox 601 1388 627 1441; x_wconf 88' lang='grc'><strong>8.</strong></span> <span class='ocrx_word' id='word_1_92' title='bbox 659 1387 808 1454; x_wconf 78' lang='grc'>2,15,1.</span> <span class='ocrx_word' id='word_1_93' title='bbox 840 1381 1053 1467; x_wconf 42' lang='lat' dir='ltr'><strong>4,e,40.j52.</strong></span> <span class='ocrx_word' id='word_1_94' title='bbox 1088 1393 1183 1462; x_wconf 78' lang='lat' dir='ltr'><strong>5‚ts,</strong></span> 
     </span>
     <span class='ocr_line' id='line_1_13' title="bbox 211 1472 869 1542; baseline 0 -15"><span class='ocrx_word' id='word_1_95' title='bbox 211 1479 238 1530; x_wconf 85' lang='lat'><strong>6.</strong></span> <span class='ocrx_word' id='word_1_96' title='bbox 271 1472 869 1542; x_wconf 57' lang='lat' dir='ltr'><strong>9,1,23.=ct.Fr0tscher.ad10,2,4.</strong></span> 
     </span>
    </p>
   </div>
   <div class='ocr_carea' id='block_1_5' title="bbox 212 1573 1183 1746">
    <p class='ocr_par' dir='ltr' id='par_1_5' title="bbox 212 1573 1183 1746">
     <span class='ocr_line' id='line_1_14' title="bbox 255 1573 1183 1644; baseline 0.005 -12"><span class='ocrx_word' id='word_1_97' title='bbox 255 1579 312 1632; x_wconf 80' lang='lat' dir='ltr'><strong>Ltv.</strong></span> <span class='ocrx_word' id='word_1_98' title='bbox 328 1577 363 1644; x_wconf 81' lang='grc'><strong>7,</strong></span> <span class='ocrx_word' id='word_1_99' title='bbox 379 1576 413 1641; x_wconf 81' lang='lat'><strong>4,</strong></span> <span class='ocrx_word' id='word_1_100' title='bbox 429 1574 457 1629; x_wconf 81' lang='grc'><strong>3.</strong></span> <span class='ocrx_word' id='word_1_101' title='bbox 472 1573 608 1632; x_wconf 70' lang='lat' dir='ltr'><strong>acerbitas</strong></span> <span class='ocrx_word' id='word_1_102' title='bbox 627 1577 658 1632; x_wconf 84' lang='lat' dir='ltr'><strong>in</strong></span> <span class='ocrx_word' id='word_1_103' title='bbox 677 1576 787 1632; x_wconf 79' lang='lat' dir='ltr'><strong>delectu</strong></span> <span class='ocrx_word' id='word_1_104' title='bbox 811 1605 845 1620; x_wconf 94' lang='lat'><em>-</em></span> <span class='ocrx_word' id='word_1_105' title='bbox 870 1581 962 1636; x_wconf 76' lang='lat' dir='ltr'><strong>inuisa</strong></span> <span class='ocrx_word' id='word_1_106' title='bbox 985 1591 1045 1644; x_wconf 77' lang='lat' dir='ltr'><strong>erat</strong></span> <span class='ocrx_word' id='word_1_107' title='bbox 1068 1591 1096 1637; x_wconf 78' lang='lat' dir='ltr'><strong>ct</strong></span> <span class='ocrx_word' id='word_1_108' title='bbox 1117 1593 1183 1638; x_wconf 80' lang='lat' dir='ltr'><strong>ante</strong></span> 
     </span>
     <span class='ocr_line' id='line_1_15' title="bbox 212 1660 821 1746; baseline -0.003 -28"><span class='ocrx_word' id='word_1_109' title='bbox 212 1665 305 1746; x_wconf 78' lang='lat' dir='ltr'><strong>omnia</strong></span> <span class='ocrx_word' id='word_1_110' title='bbox 321 1666 442 1718; x_wconf 79' lang='lat' dir='ltr'><strong>invisum</strong></span> <span class='ocrx_word' id='word_1_111' title='bbox 460 1660 553 1732; x_wconf 75' lang='lat' dir='ltr'><strong>ipsum</strong></span> <span class='ocrx_word' id='word_1_112' title='bbox 574 1664 715 1734; x_wconf 81' lang='lat' dir='ltr'><strong>ingenium</strong></span> <span class='ocrx_word' id='word_1_113' title='bbox 729 1675 821 1716; x_wconf 73' lang='lat' dir='ltr'><strong>atrox.</strong></span> 
     </span>
    </p>
   </div>
   <div class='ocr_carea' id='block_1_6' title="bbox 41 1764 1282 3573">
    <p class='ocr_par' dir='ltr' id='par_1_6' title="bbox 41 1764 1282 3573">
     <span class='ocr_line' id='line_1_16' title="bbox 225 1764 1279 1853; baseline -0.005 -21"><span class='ocrx_word' id='word_1_114' title='bbox 225 1767 282 1832; x_wconf 79' lang='lat' dir='ltr'><strong>lv.</strong></span> <span class='ocrx_word' id='word_1_115' title='bbox 325 1764 522 1831; x_wconf 82' lang='lat' dir='ltr'><strong>Adverbiurn</strong></span> <span class='ocrx_word' id='word_1_116' title='bbox 540 1781 633 1836; x_wconf 74' lang='lat' dir='ltr'><strong>ANTE</strong></span> <span class='ocrx_word' id='word_1_117' title='bbox 653 1766 740 1852; x_wconf 88' lang='lat' dir='ltr'><strong>apud</strong></span> <span class='ocrx_word' id='word_1_118' title='bbox 762 1776 878 1852; x_wconf 87' lang='lat' dir='ltr'><strong>poetas</strong></span> <span class='ocrx_word' id='word_1_119' title='bbox 897 1775 929 1829; x_wconf 89' lang='lat' dir='ltr'><strong>et</strong></span> <span class='ocrx_word' id='word_1_120' title='bbox 944 1766 978 1830; x_wconf 92' lang='lat' dir='ltr'><strong>in</strong></span> <span class='ocrx_word' id='word_1_121' title='bbox 993 1787 1055 1829; x_wconf 90' lang='lat' dir='ltr'><strong>usn</strong></span> <span class='ocrx_word' id='word_1_122' title='bbox 1070 1766 1183 1853; x_wconf 83' lang='lat' dir='ltr'><strong>quoti·-</strong></span> <span class='ocrx_word' id='word_1_123' title='bbox 1276 1835 1279 1852; x_wconf 40' lang='grc'>,</span> 
     </span>
     <span class='ocr_line' id='line_1_17' title="bbox 145 1849 1183 1937; baseline -0.001 -20"><span class='ocrx_word' id='word_1_124' title='bbox 145 1853 232 1918; x_wconf 86' lang='lat' dir='ltr'><strong>diani</strong></span> <span class='ocrx_word' id='word_1_125' title='bbox 248 1850 408 1916; x_wconf 86' lang='lat' dir='ltr'><strong>sermonis</strong></span> <span class='ocrx_word' id='word_1_126' title='bbox 427 1873 524 1937; x_wconf 84' lang='lat' dir='ltr'><strong>saepe</strong></span> <span class='ocrx_word' id='word_1_127' title='bbox 546 1851 589 1919; x_wconf 88' lang='lat' dir='ltr'><strong>ita</strong></span> <span class='ocrx_word' id='word_1_128' title='bbox 609 1871 685 1916; x_wconf 89' lang='lat' dir='ltr'><strong>cum</strong></span> <span class='ocrx_word' id='word_1_129' title='bbox 708 1851 896 1916; x_wconf 88' lang='lat' dir='ltr'><strong>nominibus</strong></span> <span class='ocrx_word' id='word_1_130' title='bbox 919 1849 1125 1916; x_wconf 66' lang='lat' dir='ltr'><strong>substantivis</strong></span> <span class='ocrx_word' id='word_1_131' title='bbox 1137 1899 1138 1902; x_wconf 63' lang='lat'>,</span> <span class='ocrx_word' id='word_1_132' title='bbox 1151 1861 1183 1916; x_wconf 90' lang='lat' dir='ltr'><strong>et</strong></span> 
     </span>
     <span class='ocr_line' id='line_1_18' title="bbox 91 1935 1242 2026; baseline -0.003 -22"><span class='ocrx_word' id='word_1_133' title='bbox 91 1987 97 2017; x_wconf 60' lang='lat' dir='ltr'><strong>a</strong></span> <span class='ocrx_word' id='word_1_134' title='bbox 142 1938 306 2004; x_wconf 80' lang='lat' dir='ltr'><strong>&#39;adiectiris</strong></span> <span class='ocrx_word' id='word_1_135' title='bbox 330 1935 564 2026; x_wconf 76' lang='lat' dir='ltr'>copulabatur,</span> <span class='ocrx_word' id='word_1_136' title='bbox 593 1945 632 1999; x_wconf 85' lang='lat' dir='ltr'><strong>ut</strong></span> <span class='ocrx_word' id='word_1_137' title='bbox 650 1958 737 2002; x_wconf 84' lang='lat' dir='ltr'><strong>nora</strong></span> <span class='ocrx_word' id='word_1_138' title='bbox 755 1937 925 2001; x_wconf 82' lang='lat' dir='ltr'><strong>exsisteret</strong></span> <span class='ocrx_word' id='word_1_139' title='bbox 948 1936 1183 2001; x_wconf 81' lang='lat' dir='ltr'><strong>vocabulorum</strong></span> <span class='ocrx_word' id='word_1_140' title='bbox 1240 1973 1242 1978; x_wconf 68' lang='lat'>,</span> 
     </span>
     <span class='ocr_line' id='line_1_19' title="bbox 85 2021 1183 2112; baseline -0.001 -24"><span class='ocrx_word' id='word_1_141' title='bbox 85 2034 88 2045; x_wconf 75' lang='lat'><em>&#39;</em></span> <span class='ocrx_word' id='word_1_142' title='bbox 144 2023 364 2112; x_wconf 87' lang='lat' dir='ltr'><strong>compositio:</strong></span> <span class='ocrx_word' id='word_1_143' title='bbox 384 2023 471 2109; x_wconf 90' lang='lat' dir='ltr'><strong>quod</strong></span> <span class='ocrx_word' id='word_1_144' title='bbox 489 2022 693 2108; x_wconf 83' lang='lat' dir='ltr'><strong>grammatici</strong></span> <span class='ocrx_word' id='word_1_145' title='bbox 708 2041 769 2109; x_wconf 85' lang='lat' dir='ltr'><strong>per</strong></span> <span class='ocrx_word' id='word_1_146' title='bbox 785 2023 921 2109; x_wconf 84' lang='lat' dir='ltr'>hyphen</span> <span class='ocrx_word' id='word_1_147' title='bbox 938 2043 995 2085; x_wconf 89' lang='lat' dir='ltr'><strong>seu</strong></span> <span class='ocrx_word' id='word_1_148' title='bbox 1012 2021 1183 2108; x_wconf 84' lang='lat' dir='ltr'><strong>synthesin</strong></span> 
     </span>
     <span class='ocr_line' id='line_1_20' title="bbox 144 2105 1282 2194; baseline -0.002 -20"><span class='ocrx_word' id='word_1_149' title='bbox 144 2107 269 2174; x_wconf 87' lang='lat' dir='ltr'><strong>factum</strong></span> <span class='ocrx_word' id='word_1_150' title='bbox 301 2129 368 2172; x_wconf 88' lang='lat' dir='ltr'><strong>csse</strong></span> <span class='ocrx_word' id='word_1_151' title='bbox 391 2108 513 2174; x_wconf 86' lang='lat' dir='ltr'><strong>dicunt.</strong></span> <span class='ocrx_word' id='word_1_152' title='bbox 564 2108 656 2182; x_wconf 89' lang='lat' dir='ltr'><strong>Hanc</strong></span> <span class='ocrx_word' id='word_1_153' title='bbox 688 2107 875 2179; x_wconf 86' lang='lat' dir='ltr'><strong>indicendi</strong></span> <span class='ocrx_word' id='word_1_154' title='bbox 905 2106 1049 2171; x_wconf 88' lang='lat' dir='ltr'><strong>formam</strong></span> <span class='ocrx_word' id='word_1_155' title='bbox 1078 2129 1183 2194; x_wconf 91' lang='lat' dir='ltr'><strong>quum</strong></span> <span class='ocrx_word' id='word_1_156' title='bbox 1278 2105 1282 2114; x_wconf 75' lang='grc'><strong>“</strong></span> 
     </span>
     <span class='ocr_line' id='line_1_21' title="bbox 143 2192 1182 2274; baseline -0.004 -13"><span class='ocrx_word' id='word_1_157' title='bbox 143 2196 227 2261; x_wconf 87' lang='lat' dir='ltr'><strong>And.</strong></span> <span class='ocrx_word' id='word_1_158' title='bbox 247 2193 402 2272; x_wconf 86' lang='lat' dir='ltr'><strong>Schottus</strong></span> <span class='ocrx_word' id='word_1_159' title='bbox 424 2195 458 2258; x_wconf 89' lang='lat' dir='ltr'><strong>iu</strong></span> <span class='ocrx_word' id='word_1_160' title='bbox 477 2192 648 2263; x_wconf 80' lang='lat' dir='ltr'><strong>Obserrut.</strong></span> <span class='ocrx_word' id='word_1_161' title='bbox 666 2199 705 2274; x_wconf 80' lang='lat'><strong>2,</strong></span> <span class='ocrx_word' id='word_1_162' title='bbox 727 2196 781 2258; x_wconf 78' lang='lat' dir='ltr'><strong>te.</strong></span> <span class='ocrx_word' id='word_1_163' title='bbox 806 2193 1100 2259; x_wconf 78' lang='lat' dir='ltr'><strong>considerationem</strong></span> <span class='ocrx_word' id='word_1_164' title='bbox 1127 2195 1182 2258; x_wconf 89' lang='lat' dir='ltr'><strong>in-</strong></span> 
     </span>
     <span class='ocr_line' id='line_1_22' title="bbox 143 2277 1182 2367; baseline -0.002 -23"><span class='ocrx_word' id='word_1_165' title='bbox 143 2279 316 2360; x_wconf 87' lang='lat' dir='ltr'><strong>tendisset,</strong></span> <span class='ocrx_word' id='word_1_166' title='bbox 340 2300 452 2344; x_wconf 88' lang='lat' dir='ltr'><strong>carum</strong></span> <span class='ocrx_word' id='word_1_167' title='bbox 469 2278 701 2367; x_wconf 79' lang='lat' dir='ltr'><strong>elegantiarum</strong></span> <span class='ocrx_word' id='word_1_168' title='bbox 718 2277 864 2350; x_wconf 72' lang='lat' dir='ltr'><strong>fautores</strong></span> <span class='ocrx_word' id='word_1_169' title='bbox 880 2280 1053 2342; x_wconf 88' lang='lat' dir='ltr'><strong>innumera</strong></span> <span class='ocrx_word' id='word_1_170' title='bbox 1066 2282 1182 2344; x_wconf 74' lang='lat' dir='ltr'><strong>erlem-</strong></span> 
     </span>
     <span class='ocr_line' id='line_1_23' title="bbox 141 2362 1181 2456; baseline -0.003 -24"><span class='ocrx_word' id='word_1_171' title='bbox 141 2368 200 2456; x_wconf 88' lang='lat' dir='ltr'><strong>pla</strong></span> <span class='ocrx_word' id='word_1_172' title='bbox 216 2366 255 2430; x_wconf 89' lang='lat' dir='ltr'><strong>ad</strong></span> <span class='ocrx_word' id='word_1_173' title='bbox 271 2366 356 2429; x_wconf 88' lang='lat' dir='ltr'><strong>hanc</strong></span> <span class='ocrx_word' id='word_1_174' title='bbox 370 2364 517 2452; x_wconf 85' lang='lat' dir='ltr'><strong>regulam</strong></span> <span class='ocrx_word' id='word_1_175' title='bbox 533 2364 836 2433; x_wconf 82' lang='lat' dir='ltr'><strong>accommodarunt.</strong></span> <span class='ocrx_word' id='word_1_176' title='bbox 877 2362 967 2428; x_wconf 88' lang='lat' dir='ltr'><strong>Inter</strong></span> <span class='ocrx_word' id='word_1_177' title='bbox 989 2387 1044 2428; x_wconf 86' lang='lat' dir='ltr'><strong>eos</strong></span> <span class='ocrx_word' id='word_1_178' title='bbox 1066 2367 1181 2429; x_wconf 89' lang='lat' dir='ltr'><strong>nomi-</strong></span> 
     </span>
     <span class='ocr_line' id='line_1_24' title="bbox 142 2450 1181 2542; baseline -0.001 -24"><span class='ocrx_word' id='word_1_179' title='bbox 142 2451 245 2518; x_wconf 86' lang='lat' dir='ltr'><strong>nandi</strong></span> <span class='ocrx_word' id='word_1_180' title='bbox 261 2450 536 2518; x_wconf 87' lang='lat' dir='ltr'><strong>suutGebhardus</strong></span> <span class='ocrx_word' id='word_1_181' title='bbox 552 2451 586 2515; x_wconf 90' lang='lat' dir='ltr'><strong>iu</strong></span> <span class='ocrx_word' id='word_1_182' title='bbox 609 2451 697 2516; x_wconf 89' lang='lat' dir='ltr'><strong>notis</strong></span> <span class='ocrx_word' id='word_1_183' title='bbox 712 2451 751 2514; x_wconf 88' lang='lat' dir='ltr'><strong>ad</strong></span> <span class='ocrx_word' id='word_1_184' title='bbox 768 2450 980 2542; x_wconf 80' lang='lat' dir='ltr'><strong>Propertium</strong></span> <span class='ocrx_word' id='word_1_185' title='bbox 996 2459 1027 2513; x_wconf 88' lang='lat' dir='ltr'><strong>ct.</strong></span> <span class='ocrx_word' id='word_1_186' title='bbox 1041 2451 1181 2534; x_wconf 84' lang='lat' dir='ltr'><strong>Livium,</strong></span> 
     </span>
     <span class='ocr_line' id='line_1_25' title="bbox 41 2535 1181 2628; baseline -0.004 -24"><span class='ocrx_word' id='word_1_187' title='bbox 41 2566 46 2575; x_wconf 66' lang='lat'><strong><em>¹</em></strong></span> <span class='ocrx_word' id='word_1_188' title='bbox 145 2535 423 2628; x_wconf 80' lang='lat' dir='ltr'><strong>Casp.Barthius.</strong></span> <span class='ocrx_word' id='word_1_189' title='bbox 467 2535 531 2600; x_wconf 86' lang='lat' dir='ltr'><strong>Sed</strong></span> <span class='ocrx_word' id='word_1_190' title='bbox 550 2536 584 2601; x_wconf 92' lang='lat' dir='ltr'><strong>in</strong></span> <span class='ocrx_word' id='word_1_191' title='bbox 607 2535 817 2622; x_wconf 86' lang='lat' dir='ltr'><strong>bacquoque</strong></span> <span class='ocrx_word' id='word_1_192' title='bbox 840 2555 876 2598; x_wconf 86' lang='lat' dir='ltr'><strong>re</strong></span> <span class='ocrx_word' id='word_1_193' title='bbox 900 2537 1082 2606; x_wconf 81' lang='lat' dir='ltr'><strong>suntcer&#39;ti</strong></span> <span class='ocrx_word' id='word_1_194' title='bbox 1105 2538 1181 2624; x_wconf 87' lang='lat' dir='ltr'><strong>qui-</strong></span> 
     </span>
     <span class='ocr_line' id='line_1_26' title="bbox 144 2616 1182 2710; baseline -0.002 -22"><span class='ocrx_word' id='word_1_195' title='bbox 144 2625 219 2690; x_wconf 83' lang='lat' dir='ltr'><strong>dam</strong></span> <span class='ocrx_word' id='word_1_196' title='bbox 235 2621 327 2690; x_wconf 84' lang='lat' dir='ltr'><strong>fines.</strong></span> <span class='ocrx_word' id='word_1_197' title='bbox 348 2621 391 2686; x_wconf 89' lang='lat' dir='ltr'><strong>Et</strong></span> <span class='ocrx_word' id='word_1_198' title='bbox 404 2620 632 2686; x_wconf 85' lang='lat' dir='ltr'><strong>Broukhusius</strong></span> <span class='ocrx_word' id='word_1_199' title='bbox 648 2622 687 2686; x_wconf 87' lang='lat' dir='ltr'><strong>ad</strong></span> <span class='ocrx_word' id='word_1_200' title='bbox 701 2621 853 2707; x_wconf 74' lang='lat' dir='ltr'><strong>Propert.v</strong></span> <span class='ocrx_word' id='word_1_201' title='bbox 872 2626 900 2696; x_wconf 85' lang='grc'><strong>1,</strong></span> <span class='ocrx_word' id='word_1_202' title='bbox 926 2616 960 2702; x_wconf 75' lang='grc'><strong>1,</strong></span> <span class='ocrx_word' id='word_1_203' title='bbox 975 2626 1009 2688; x_wconf 52' lang='lat' dir='ltr'><strong>2a</strong></span> <span class='ocrx_word' id='word_1_204' title='bbox 1033 2622 1182 2710; x_wconf 88' lang='lat' dir='ltr'><strong>pruden-</strong></span> 
     </span>
     <span class='ocr_line' id='line_1_27' title="bbox 144 2704 1183 2798; baseline -0.001 -25"><span class='ocrx_word' id='word_1_205' title='bbox 144 2721 196 2775; x_wconf 89' lang='lat' dir='ltr'><strong>ter</strong></span> <span class='ocrx_word' id='word_1_206' title='bbox 218 2710 355 2775; x_wconf 84' lang='lat' dir='ltr'><strong>iudicat:</strong></span> <span class='ocrx_word' id='word_1_207' title='bbox 393 2707 473 2795; x_wconf 90' lang='lat' dir='ltr'><strong>„qui</strong></span> <span class='ocrx_word' id='word_1_208' title='bbox 504 2704 798 2798; x_wconf 81' lang='lat' dir='ltr'><strong>uotecnpidinibus</strong></span> <span class='ocrx_word' id='word_1_209' title='bbox 827 2706 1029 2774; x_wconf 85' lang='lat' dir='ltr'><strong>coniunctim</strong></span> <span class='ocrx_word' id='word_1_210' title='bbox 1057 2707 1183 2794; x_wconf 85' lang='lat' dir='ltr'><strong>legunt,</strong></span> 
     </span>
     <span class='ocr_line' id='line_1_28' title="bbox 128 2790 1220 2875; baseline -0.003 -15"><span class='ocrx_word' id='word_1_211' title='bbox 128 2795 296 2860; x_wconf 75' lang='lat' dir='ltr'><strong>uidentur</strong></span> <span class='ocrx_word' id='word_1_212' title='bbox 306 2791 390 2860; x_wconf 88' lang='lat' dir='ltr'><strong>mihi</strong></span> <span class='ocrx_word' id='word_1_213' title='bbox 405 2813 460 2856; x_wconf 88' lang='lat' dir='ltr'><strong>rus</strong></span> <span class='ocrx_word' id='word_1_214' title='bbox 477 2791 558 2854; x_wconf 89' lang='lat' dir='ltr'><strong>illud</strong></span> <span class='ocrx_word' id='word_1_215' title='bbox 575 2791 750 2856; x_wconf 86' lang='lat' dir='ltr'><strong>horridum</strong></span> <span class='ocrx_word' id='word_1_216' title='bbox 764 2790 917 2860; x_wconf 83' lang='lat' dir='ltr'><strong>reducere</strong></span> <span class='ocrx_word' id='word_1_217' title='bbox 933 2801 1029 2875; x_wconf 79' lang='lat' dir='ltr'><strong>atque</strong></span> <span class='ocrx_word' id='word_1_218' title='bbox 1047 2813 1088 2856; x_wconf 79' lang='lat' dir='ltr'><strong>ex</strong></span> <span class='ocrx_word' id='word_1_219' title='bbox 1096 2795 1183 2857; x_wconf 86' lang='lat' dir='ltr'><strong>Pro·</strong></span> <span class='ocrx_word' id='word_1_220' title='bbox 1219 2857 1220 2864; x_wconf 65' lang='grc'>,</span> 
     </span>
     <span class='ocr_line' id='line_1_29' title="bbox 144 2873 1216 2970; baseline -0.004 -24"><span class='ocrx_word' id='word_1_221' title='bbox 144 2881 252 2970; x_wconf 80' lang='lat' dir='ltr'><strong>pertio</strong></span> <span class='ocrx_word' id='word_1_222' title='bbox 278 2879 403 2943; x_wconf 85' lang='lat' dir='ltr'><strong>Attium</strong></span> <span class='ocrx_word' id='word_1_223' title='bbox 429 2876 569 2962; x_wconf 81' lang='lat' dir='ltr'><strong>aliquem</strong></span> <span class='ocrx_word' id='word_1_224' title='bbox 600 2876 652 2941; x_wconf 88' lang='lat' dir='ltr'><strong>vel</strong></span> <span class='ocrx_word' id='word_1_225' title='bbox 679 2875 854 2938; x_wconf 76' lang='lat' dir='ltr'><strong>Pacuuium</strong></span> <span class='ocrx_word' id='word_1_226' title='bbox 883 2873 1037 2962; x_wconf 84' lang='lat' dir='ltr'><strong>effingere</strong></span> <span class='ocrx_word' id='word_1_227' title='bbox 1063 2878 1182 2942; x_wconf 89' lang='lat' dir='ltr'><strong>velle.“</strong></span> <span class='ocrx_word' id='word_1_228' title='bbox 1212 2877 1216 2884; x_wconf 82' lang='grc'><strong>’</strong></span> 
     </span>
     <span class='ocr_line' id='line_1_30' title="bbox 146 2959 1224 3044; baseline -0.005 -13"><span class='ocrx_word' id='word_1_229' title='bbox 146 2966 304 3032; x_wconf 83' lang='lat' dir='ltr'><strong>subtilius</strong></span> <span class='ocrx_word' id='word_1_230' title='bbox 319 2963 391 3029; x_wconf 84' lang='lat' dir='ltr'><strong>rem</strong></span> <span class='ocrx_word' id='word_1_231' title='bbox 406 2963 554 3028; x_wconf 85' lang='lat' dir='ltr'><strong>tractavit</strong></span> <span class='ocrx_word' id='word_1_232' title='bbox 571 2961 612 3032; x_wconf 90' lang='lat' dir='ltr'><strong>Is.</strong></span> <span class='ocrx_word' id='word_1_233' title='bbox 625 2961 759 3030; x_wconf 82' lang='lat' dir='ltr'><strong>Vossius</strong></span> <span class='ocrx_word' id='word_1_234' title='bbox 775 2961 809 3024; x_wconf 89' lang='lat' dir='ltr'><strong>in</strong></span> <span class='ocrx_word' id='word_1_235' title='bbox 823 2959 930 3030; x_wconf 84' lang='lat' dir='ltr'><strong>lostit.¹</strong></span> <span class='ocrx_word' id='word_1_236' title='bbox 945 2971 1027 3024; x_wconf 85' lang='lat' dir='ltr'><strong>orat.</strong></span> <span class='ocrx_word' id='word_1_237' title='bbox 1043 2963 1074 3042; x_wconf 89' lang='lat'><strong>5,</strong></span> <span class='ocrx_word' id='word_1_238' title='bbox 1097 2964 1128 3044; x_wconf 82' lang='lat'><strong>4,</strong></span> <span class='ocrx_word' id='word_1_239' title='bbox 1148 2967 1180 3030; x_wconf 89' lang='lat'><strong>6.</strong></span> <span class='ocrx_word' id='word_1_240' title='bbox 1220 3001 1224 3007; x_wconf 90' lang='lat'><strong>·</strong></span> 
     </span>
     <span class='ocr_line' id='line_1_31' title="bbox 64 3046 1181 3140; baseline -0.004 -23"><span class='ocrx_word' id='word_1_241' title='bbox 64 3079 72 3092; x_wconf 62' lang='lat'>²</span> <span class='ocrx_word' id='word_1_242' title='bbox 100 3071 106 3084; x_wconf 87' lang='lat'><strong>·</strong></span> <span class='ocrx_word' id='word_1_243' title='bbox 136 3077 180 3140; x_wconf 88' lang='lat' dir='ltr'><strong>-p.</strong></span> <span class='ocrx_word' id='word_1_244' title='bbox 202 3057 276 3116; x_wconf 84' lang='lat'><strong>317.</strong></span> <span class='ocrx_word' id='word_1_245' title='bbox 330 3050 415 3115; x_wconf 88' lang='lat' dir='ltr'><strong>Nam</strong></span> <span class='ocrx_word' id='word_1_246' title='bbox 443 3047 612 3114; x_wconf 84' lang='lat' dir='ltr'><strong>universus</strong></span> <span class='ocrx_word' id='word_1_247' title='bbox 639 3067 718 3114; x_wconf 85' lang='lat' dir='ltr'><strong>usus</strong></span> <span class='ocrx_word' id='word_1_248' title='bbox 741 3046 886 3109; x_wconf 86' lang='lat' dir='ltr'><strong>maxime</strong></span> <span class='ocrx_word' id='word_1_249' title='bbox 908 3047 1095 3112; x_wconf 83' lang='lat' dir='ltr'><strong>continetur</strong></span> <span class='ocrx_word' id='word_1_250' title='bbox 1120 3049 1181 3112; x_wconf 88' lang='lat' dir='ltr'><strong>ad-</strong></span> 
     </span>
     <span class='ocr_line' id='line_1_32' title="bbox 73 3129 1182 3223; baseline -0.005 -20"><span class='ocrx_word' id='word_1_251' title='bbox 73 3197 87 3210; x_wconf 83' lang='lat'><em>,</em></span> <span class='ocrx_word' id='word_1_252' title='bbox 141 3138 260 3205; x_wconf 81' lang='lat' dir='ltr'><strong>verbiis</strong></span> <span class='ocrx_word' id='word_1_253' title='bbox 276 3131 510 3223; x_wconf 88' lang='lat' dir='ltr'><strong>temporalibus</strong></span> <span class='ocrx_word' id='word_1_254' title='bbox 528 3143 624 3212; x_wconf 81' lang='lat' dir='ltr'><strong>aute,</strong></span> <span class='ocrx_word' id='word_1_255' title='bbox 637 3143 731 3217; x_wconf 82' lang='lat' dir='ltr'><strong>post,</strong></span> <span class='ocrx_word' id='word_1_256' title='bbox 747 3131 847 3206; x_wconf 71' lang='lat' dir='ltr'><strong>clun,</strong></span> <span class='ocrx_word' id='word_1_257' title='bbox 862 3143 1009 3216; x_wconf 83' lang='lat' dir='ltr'><strong>semper,</strong></span> <span class='ocrx_word' id='word_1_258' title='bbox 1030 3129 1182 3218; x_wconf 83' lang='lat' dir='ltr'><strong>negatio·-</strong></span> 
     </span>
     <span class='ocr_line' id='line_1_33' title="bbox 144 3215 1182 3296; baseline -0.006 -8"><span class='ocrx_word' id='word_1_259' title='bbox 144 3224 242 3288; x_wconf 87' lang='lat' dir='ltr'><strong>nibus</strong></span> <span class='ocrx_word' id='word_1_260' title='bbox 265 3245 307 3288; x_wconf 88' lang='lat' dir='ltr'><strong>ne</strong></span> <span class='ocrx_word' id='word_1_261' title='bbox 328 3231 359 3286; x_wconf 84' lang='lat' dir='ltr'><strong>et</strong></span> <span class='ocrx_word' id='word_1_262' title='bbox 382 3243 461 3296; x_wconf 85' lang='lat' dir='ltr'><strong>uec,</strong></span> <span class='ocrx_word' id='word_1_263' title='bbox 477 3228 509 3286; x_wconf 87' lang='lat' dir='ltr'><strong>ct</strong></span> <span class='ocrx_word' id='word_1_264' title='bbox 532 3219 689 3283; x_wconf 83' lang='lat' dir='ltr'><strong>adverbiis</strong></span> <span class='ocrx_word' id='word_1_265' title='bbox 706 3215 787 3281; x_wconf 87' lang='lat' dir='ltr'><strong>bene</strong></span> <span class='ocrx_word' id='word_1_266' title='bbox 803 3227 833 3280; x_wconf 87' lang='lat' dir='ltr'><strong>et</strong></span> <span class='ocrx_word' id='word_1_267' title='bbox 851 3217 952 3283; x_wconf 85' lang='lat' dir='ltr'><strong>mole.</strong></span> <span class='ocrx_word' id='word_1_268' title='bbox 1003 3217 1110 3288; x_wconf 87' lang='lat' dir='ltr'><strong>Nemo</strong></span> <span class='ocrx_word' id='word_1_269' title='bbox 1128 3229 1182 3282; x_wconf 82' lang='lat' dir='ltr'><strong>ta-</strong></span> 
     </span>
     <span class='ocr_line' id='line_1_34' title="bbox 143 3300 1181 3391; baseline -0.006 -17"><span class='ocrx_word' id='word_1_270' title='bbox 143 3329 319 3380; x_wconf 84' lang='lat' dir='ltr'><strong>mencum</strong></span> <span class='ocrx_word' id='word_1_271' title='bbox 339 3304 562 3371; x_wconf 83' lang='lat' dir='ltr'><strong>Romshornio</strong></span> <span class='ocrx_word' id='word_1_272' title='bbox 588 3302 653 3368; x_wconf 88' lang='lat' dir='ltr'><strong>huc</strong></span> <span class='ocrx_word' id='word_1_273' title='bbox 674 3300 796 3367; x_wconf 75' lang='lat' dir='ltr'><strong>referet</strong></span> <span class='ocrx_word' id='word_1_274' title='bbox 818 3315 932 3374; x_wconf 77' lang='lat' dir='ltr'><strong>aetate</strong></span> <span class='ocrx_word' id='word_1_275' title='bbox 947 3326 1090 3391; x_wconf 73' lang='lat' dir='ltr'><strong>graves,</strong></span> <span class='ocrx_word' id='word_1_276' title='bbox 1120 3301 1181 3369; x_wconf 82' lang='lat' dir='ltr'><strong>ob-</strong></span> 
     </span>
     <span class='ocr_line' id='line_1_35' title="bbox 144 3389 1208 3482; baseline -0.005 -22"><span class='ocrx_word' id='word_1_277' title='bbox 144 3394 350 3466; x_wconf 81' lang='lat' dir='ltr'><strong>oiemitioet</strong></span> <span class='ocrx_word' id='word_1_278' title='bbox 366 3391 504 3471; x_wconf 76' lang='lat' dir='ltr'><strong>similia,</strong></span> <span class='ocrx_word' id='word_1_279' title='bbox 528 3411 634 3477; x_wconf 91' lang='lat' dir='ltr'><strong>neque</strong></span> <span class='ocrx_word' id='word_1_280' title='bbox 679 3389 824 3482; x_wconf 77' lang='lat' dir='ltr'><strong>asticipio</strong></span> <span class='ocrx_word' id='word_1_281' title='bbox 847 3401 1051 3478; x_wconf 78' lang='lat' dir='ltr'><strong>anteparta,</strong></span> <span class='ocrx_word' id='word_1_282' title='bbox 1081 3402 1182 3456; x_wconf 75' lang='lat' dir='ltr'><strong>onte·</strong></span> <span class='ocrx_word' id='word_1_283' title='bbox 1206 3455 1208 3460; x_wconf 82' lang='grc'>,</span> 
     </span>
     <span class='ocr_line' id='line_1_36' title="bbox 134 3411 1140 3573; baseline -0.006 -27"><span class='ocrx_word' id='word_1_284' title='bbox 134 3475 260 3573; x_wconf 79' lang='lat' dir='ltr'><strong>facto,¹</strong></span> <span class='ocrx_word' id='word_1_285' title='bbox 280 3477 406 3566; x_wconf 78' lang='lat' dir='ltr'><strong>aliaque</strong></span> <span class='ocrx_word' id='word_1_286' title='bbox 420 3476 576 3562; x_wconf 78' lang='lat' dir='ltr'><strong>singulari</strong></span> <span class='ocrx_word' id='word_1_287' title='bbox 591 3411 694 3540; x_wconf 73' lang='lat' dir='ltr'><strong>molo</strong></span> <span class='ocrx_word' id='word_1_288' title='bbox 711 3477 896 3562; x_wconf 83' lang='lat' dir='ltr'><strong>composita</strong></span> <span class='ocrx_word' id='word_1_289' title='bbox 916 3496 986 3551; x_wconf 66' lang='lat' dir='ltr'><strong>esse,</strong></span> <span class='ocrx_word' id='word_1_290' title='bbox 999 3474 1140 3562; x_wconf 85' lang='lat' dir='ltr'><strong>putabit.</strong></span> 
     </span>
    </p>
   </div>
   <div class='ocr_carea' id='block_1_7' title="bbox 207 3595 1214 4008">
    <p class='ocr_par' dir='ltr' id='par_1_7' title="bbox 207 3595 1214 4008">
     <span class='ocr_line' id='line_1_37' title="bbox 207 3595 1182 3668; baseline 0.001 -18"><span class='ocrx_word' id='word_1_291' title='bbox 207 3619 208 3626; x_wconf 50' lang='lat'>¹</span> <span class='ocrx_word' id='word_1_292' title='bbox 254 3597 350 3665; x_wconf 72' lang='lat' dir='ltr'><strong>virgil.</strong></span> <span class='ocrx_word' id='word_1_293' title='bbox 366 3601 429 3654; x_wconf 78' lang='lat' dir='ltr'><strong>Aen.</strong></span> <span class='ocrx_word' id='word_1_294' title='bbox 447 3595 481 3661; x_wconf 88' lang='lat'><strong>1,</strong></span> <span class='ocrx_word' id='word_1_295' title='bbox 499 3597 558 3654; x_wconf 75' lang='lat'><strong>198.</strong></span> <span class='ocrx_word' id='word_1_296' title='bbox 575 3615 661 3668; x_wconf 74' lang='lat' dir='ltr'><strong>nequo</strong></span> <span class='ocrx_word' id='word_1_297' title='bbox 680 3597 753 3649; x_wconf 78' lang='lat' dir='ltr'><strong>enim</strong></span> <span class='ocrx_word' id='word_1_298' title='bbox 771 3598 862 3666; x_wconf 77' lang='lat' dir='ltr'><strong>ignari</strong></span> <span class='ocrx_word' id='word_1_299' title='bbox 885 3612 979 3650; x_wconf 82' lang='lat' dir='ltr'><strong>sumus</strong></span> <span class='ocrx_word' id='word_1_300' title='bbox 1003 3606 1070 3650; x_wconf 83' lang='lat' dir='ltr'><strong>ante</strong></span> <span class='ocrx_word' id='word_1_301' title='bbox 1094 3597 1182 3652; x_wconf 77' lang='lat' dir='ltr'><strong>mulo·</strong></span> 
     </span>
     <span class='ocr_line' id='line_1_38' title="bbox 209 3679 1214 3751; baseline -0.002 -14"><span class='ocrx_word' id='word_1_302' title='bbox 209 3703 279 3738; x_wconf 75' lang='lat' dir='ltr'><strong>rrum.</strong></span> <span class='ocrx_word' id='word_1_303' title='bbox 314 3682 432 3734; x_wconf 79' lang='lat' dir='ltr'><strong>isidorus</strong></span> <span class='ocrx_word' id='word_1_304' title='bbox 450 3682 478 3732; x_wconf 90' lang='lat' dir='ltr'><strong>in</strong></span> <span class='ocrx_word' id='word_1_305' title='bbox 498 3684 588 3740; x_wconf 61' lang='lat' dir='ltr'><strong>Gloss,</strong></span> <span class='ocrx_word' id='word_1_306' title='bbox 601 3679 716 3751; x_wconf 78' lang='lat' dir='ltr'><strong>explicet</strong></span> <span class='ocrx_word' id='word_1_307' title='bbox 727 3682 942 3751; x_wconf 71' lang='lat' dir='ltr'><strong>praeteritorum·</strong></span> <span class='ocrx_word' id='word_1_308' title='bbox 957 3679 1104 3738; x_wconf 75' lang='lat' dir='ltr'><strong>muloruuu</strong></span> <span class='ocrx_word' id='word_1_309' title='bbox 1117 3687 1181 3735; x_wconf 77' lang='lat' dir='ltr'><strong>Ser-</strong></span> <span class='ocrx_word' id='word_1_310' title='bbox 1208 3714 1214 3724; x_wconf 87' lang='lat'>·</span> 
     </span>
     <span class='ocr_line' id='line_1_39' title="bbox 210 3755 1182 3839; baseline -0.001 -20"><span class='ocrx_word' id='word_1_311' title='bbox 210 3755 266 3820; x_wconf 77' lang='lat' dir='ltr'><strong>vius</strong></span> <span class='ocrx_word' id='word_1_312' title='bbox 285 3760 368 3834; x_wconf 73' lang='grc' dir='ltr'><strong>ὖφὲν.</strong></span> <span class='ocrx_word' id='word_1_313' title='bbox 388 3766 418 3820; x_wconf 79' lang='lat' dir='ltr'><strong>id</strong></span> <span class='ocrx_word' id='word_1_314' title='bbox 438 3777 478 3820; x_wconf 78' lang='lat' dir='ltr'><strong>est</strong></span> <span class='ocrx_word' id='word_1_315' title='bbox 493 3772 671 3839; x_wconf 78' lang='lat' dir='ltr'><strong>antiquorum</strong></span> <span class='ocrx_word' id='word_1_316' title='bbox 688 3767 871 3824; x_wconf 70' lang='lat' dir='ltr'><strong>aratorumne</strong></span> <span class='ocrx_word' id='word_1_317' title='bbox 886 3761 957 3822; x_wconf 74' lang='lat' dir='ltr'><strong>alibi</strong></span> <span class='ocrx_word' id='word_1_318' title='bbox 964 3785 973 3816; x_wconf 89' lang='grc'><strong>.·</strong></span> <span class='ocrx_word' id='word_1_319' title='bbox 991 3760 1066 3820; x_wconf 79' lang='lat' dir='ltr'><strong>coeli</strong></span> <span class='ocrx_word' id='word_1_320' title='bbox 1078 3765 1182 3822; x_wconf 79' lang='lat' dir='ltr'><strong>subter·</strong></span> 
     </span>
     <span class='ocr_line' id='line_1_40' title="bbox 213 3847 1182 3921; baseline 0.003 -17"><span class='ocrx_word' id='word_1_321' title='bbox 213 3851 338 3906; x_wconf 81' lang='lat' dir='ltr'><strong>labentia</strong></span> <span class='ocrx_word' id='word_1_322' title='bbox 357 3853 446 3921; x_wconf 80' lang='lat' dir='ltr'><strong>signa.</strong></span> <span class='ocrx_word' id='word_1_323' title='bbox 480 3853 527 3902; x_wconf 83' lang='lat' dir='ltr'><strong>Est</strong></span> <span class='ocrx_word' id='word_1_324' title='bbox 544 3853 602 3906; x_wconf 78' lang='lat' dir='ltr'><strong>cciv</strong></span> <span class='ocrx_word' id='word_1_325' title='bbox 618 3847 756 3920; x_wconf 77' lang='grc' dir='ltr'><strong>πρότερον</strong></span> <span class='ocrx_word' id='word_1_326' title='bbox 776 3847 878 3906; x_wconf 68' lang='grc' dir='ltr'><strong>κακῶν.</strong></span> <span class='ocrx_word' id='word_1_327' title='bbox 921 3850 1045 3912; x_wconf 68' lang='lat' dir='ltr'><strong>Quinctil.</strong></span> <span class='ocrx_word' id='word_1_328' title='bbox 1067 3854 1182 3908; x_wconf 76' lang='lat' dir='ltr'><strong>Decium.</strong></span> 
     </span>
     <span class='ocr_line' id='line_1_41' title="bbox 212 3927 925 4008; baseline -0.001 -19"><span class='ocrx_word' id='word_1_329' title='bbox 212 3940 245 4004; x_wconf 84' lang='lat'><strong>1,</strong></span> <span class='ocrx_word' id='word_1_330' title='bbox 264 3934 305 3988; x_wconf 79' lang='lat'><strong>14.</strong></span> <span class='ocrx_word' id='word_1_331' title='bbox 329 3932 378 3988; x_wconf 86' lang='lat' dir='ltr'><strong>ille</strong></span> <span class='ocrx_word' id='word_1_332' title='bbox 393 3927 497 4005; x_wconf 46' lang='lat' dir='ltr'><strong>&#39;elegia</strong></span> <span class='ocrx_word' id='word_1_333' title='bbox 514 3940 561 4008; x_wconf 74' lang='lat' dir='ltr'><strong>qui</strong></span> <span class='ocrx_word' id='word_1_334' title='bbox 579 3941 677 4008; x_wconf 76' lang='lat' dir='ltr'><strong>recipit</strong></span> <span class='ocrx_word' id='word_1_335' title='bbox 692 3927 760 3992; x_wconf 83' lang='lat' dir='ltr'><strong>ante</strong></span> <span class='ocrx_word' id='word_1_336' title='bbox 776 3935 925 3994; x_wconf 80' lang='lat' dir='ltr'><strong>meliorem.</strong></span> 
     </span>
    </p>
   </div>
   <div class='ocr_carea' id='block_1_8' title="bbox 211 4035 1222 4290">
    <p class='ocr_par' dir='ltr' id='par_1_8' title="bbox 211 4035 1222 4290">
     <span class='ocr_line' id='line_1_42' title="bbox 256 4035 1222 4112; baseline 0.011 -22"><span class='ocrx_word' id='word_1_337' title='bbox 256 4042 287 4090; x_wconf 90' lang='lat' dir='ltr'><strong>In</strong></span> <span class='ocrx_word' id='word_1_338' title='bbox 302 4039 359 4090; x_wconf 77' lang='lat' dir='ltr'><strong>niv.</strong></span> <span class='ocrx_word' id='word_1_339' title='bbox 376 4038 411 4102; x_wconf 77' lang='lat'><strong>2,</strong></span> <span class='ocrx_word' id='word_1_340' title='bbox 435 4035 487 4104; x_wconf 72' lang='lat'><strong>52,</strong></span> <span class='ocrx_word' id='word_1_341' title='bbox 510 4037 540 4098; x_wconf 68' lang='grc'><strong>7.,</strong></span> <span class='ocrx_word' id='word_1_342' title='bbox 563 4039 703 4092; x_wconf 86' lang='lat' dir='ltr'><strong>Gebhardo</strong></span> <span class='ocrx_word' id='word_1_343' title='bbox 727 4041 877 4110; x_wconf 64' lang='lat' dir='ltr'><strong>placuisset</strong></span> <span class='ocrx_word' id='word_1_344' title='bbox 903 4041 933 4092; x_wconf 83' lang='lat' dir='ltr'><strong>in</strong></span> <span class='ocrx_word' id='word_1_345' title='bbox 959 4041 1075 4112; x_wconf 81' lang='lat' dir='ltr'><strong>publico</strong></span> <span class='ocrx_word' id='word_1_346' title='bbox 1105 4053 1182 4100; x_wconf 77' lang='lat' dir='ltr'><strong>ante·</strong></span> <span class='ocrx_word' id='word_1_347' title='bbox 1219 4075 1222 4080; x_wconf 95' lang='lat'>·</span> 
     </span>
     <span class='ocr_line' id='line_1_43' title="bbox 211 4117 1182 4210; baseline 0.006 -30"><span class='ocrx_word' id='word_1_348' title='bbox 211 4124 346 4196; x_wconf 84' lang='lat' dir='ltr'><strong>periculo.</strong></span> <span class='ocrx_word' id='word_1_349' title='bbox 379 4141 455 4178; x_wconf 87' lang='lat' dir='ltr'><strong>nemo</strong></span> <span class='ocrx_word' id='word_1_350' title='bbox 482 4117 653 4210; x_wconf 76' lang='lat' dir='ltr'><strong>adstipulatus</strong></span> <span class='ocrx_word' id='word_1_351' title='bbox 678 4136 728 4180; x_wconf 84' lang='lat' dir='ltr'><strong>est.</strong></span> <span class='ocrx_word' id='word_1_352' title='bbox 768 4129 799 4176; x_wconf 85' lang='lat' dir='ltr'><strong>tn</strong></span> <span class='ocrx_word' id='word_1_353' title='bbox 824 4125 964 4194; x_wconf 83' lang='lat' dir='ltr'><strong>Capitolini</strong></span> <span class='ocrx_word' id='word_1_354' title='bbox 993 4131 1120 4186; x_wconf 85' lang='lat' dir='ltr'><strong>Gordian.</strong></span> <span class='ocrx_word' id='word_1_355' title='bbox 1139 4133 1182 4186; x_wconf 78' lang='lat'><strong>24.</strong></span> 
     </span>
     <span class='ocr_line' id='line_1_44' title="bbox 212 4203 1191 4290; baseline 0.014 -30"><span class='ocrx_word' id='word_1_356' title='bbox 212 4209 352 4262; x_wconf 80' lang='lat' dir='ltr'><strong>Salmasius</strong></span> <span class='ocrx_word' id='word_1_357' title='bbox 372 4227 387 4264; x_wconf 79' lang='lat' dir='ltr'><strong>c</strong></span> <span class='ocrx_word' id='word_1_358' title='bbox 404 4210 462 4262; x_wconf 85' lang='lat' dir='ltr'><strong>cod.</strong></span> <span class='ocrx_word' id='word_1_359' title='bbox 478 4203 536 4264; x_wconf 77' lang='lat' dir='ltr'><strong>nat</strong></span> <span class='ocrx_word' id='word_1_360' title='bbox 549 4209 680 4262; x_wconf 81' lang='lat' dir='ltr'><strong>restituit:</strong></span> <span class='ocrx_word' id='word_1_361' title='bbox 707 4229 790 4283; x_wconf 79' lang='lat' dir='ltr'><strong>quum</strong></span> <span class='ocrx_word' id='word_1_362' title='bbox 810 4215 881 4269; x_wconf 85' lang='lat' dir='ltr'><strong>inter</strong></span> <span class='ocrx_word' id='word_1_363' title='bbox 895 4231 926 4284; x_wconf 15' lang='lat' dir='ltr'><strong>Asc</strong></span> <span class='ocrx_word' id='word_1_364' title='bbox 946 4213 981 4271; x_wconf 84' lang='lat' dir='ltr'><strong>de</strong></span> <span class='ocrx_word' id='word_1_365' title='bbox 1000 4214 1081 4272; x_wconf 81' lang='lat' dir='ltr'><strong>bonis</strong></span> <span class='ocrx_word' id='word_1_366' title='bbox 1099 4223 1191 4290; x_wconf 56' lang='lat' dir='ltr'><strong>pessi*</strong></span> 
     </span>
    </p>
   </div>
   <div class='ocr_carea' id='block_1_9' title="bbox 0 0 1438 4754">
    <p class='ocr_par' dir='ltr' id='par_1_9' title="bbox 0 0 1438 4754">
     <span class='ocr_line' id='line_1_45' title="bbox 0 0 1438 4754; baseline 0 2"><span class='ocrx_word' id='word_1_367' title='bbox 0 0 1438 4754; x_wconf 95' lang='lat' dir='ltr'><strong> </strong></span> 
     </span>
    </p>
   </div>
  </div>
 </body>
</html>
