2826 4750
494 343 555 422 s,
598 341 671 422 Au,
715 337 804 406 aua.
1124 297 1152 402 -1

103 512 172 572 ota.
203 532 308 580 nomo
335 519 445 578 autom
472 509 556 576 dixit
578 509 843 598 abequueature.
880 510 998 576 Caesar
1012 511 1101 576 Galll
1114 514 1145 582 4.

103 601 163 676 43,
179 598 297 660 macri
325 597 368 658 sit
386 595 430 660 ab
444 595 577 682 utribus,
599 598 707 662 Livius
721 604 758 674 3,
777 603 895 676 70,10.
916 595 959 662 ub
976 596 1144 678 (minotio,
1163 661 1166 666 ,

104 683 156 760 ut,
174 685 209 759 6,
225 683 257 744 4.
275 619 323 744 ali
337 693 526 766 quaerente.
554 686 638 746 Ante
659 701 702 746 cu
717 683 860 748 litteram
875 681 936 746 aba
951 683 1036 746 dixit
1051 681 1149 744 Plau-

103 777 154 830 tus·
170 768 263 830 Pers.
287 772 368 847 1,.3,
386 772 437 832 79.
469 766 528 830 oda
551 769 702 853 chorago
718 770 852 832 artmito.
873 769 924 832 An
943 767 1004 830 aba
1018 767 1146 832 litterae

104 871 120 911 s
143 850 341 936 praecedat,
370 852 554 938 ambigitur.
585 855 702 918 Parcus
725 854 759 918 in
786 853 908 917 Lexioo
931 853 1012 916 Crit.
1028 875 1064 938 p.
1079 854 1145 916 5.e

104 935 221 1002 Plauto
247 935 345 1012 allert
361 937 510 1023 exempla
533 937 711 1005 verborum
733 937 793 1002 aba
806 963 863 1001 ae:
893 947 926 1002 at
939 938 974 1000 iu
990 937 1146 1000 omnibus

104 1021 142 1082 iis
168 1021 312 1097 codices.
326 1019 446 1086 habeut
469 1021 513 1088 ub
536 1045 597 1094 aa·
626 1022 665 1086 ln
682 1025 773 1086 Coos.
793 1023 878 1088 Gall.
899 1027 928 1103 1,
944 1023 996 1101 44,
1013 1027 1044 1087 8.
1062 1021 1144 1086 olim

103 1104 275 1190 legebatur
297 1128 363 1176 urm
384 1105 447 1184 uba
473 1129 508 1169 ee
526 1107 661 1191 proelio
674 1105 796 1196 sirena,
829 1129 918 1178 nuno
940 1119 1048 1172 autem
1070 1131 1093 1172 u
1108 1131 1144 1170 se

104 1212 204 1270 nna,
226 1200 260 1256 et
281 1190 327 1260 ita
341 1196 379 1268 3,
396 1195 435 1271 9,
453 1195 485 1257 3.
500 1203 646 1264 retentos
664 1191 708 1258 ab
723 1217 769 1258 ee.
812 1194 999 1266 Gronovius
1014 1193 1049 1258 in
1062 1192 1144 1256 Livii

104 1279 166 1352 32,
186 1281 223 1356 1,
244 1280 295 1338 10.
320 1276 420 1338 edidit
442 1274 502 1338 uda
517 1276 640 1342 Suessa
656 1278 855 1346 manciacum
869 1291 937 1354 est,
967 1279 1058 1364 quod
1073 1277 1145 1341 fieri

105 1383 203 1447 posse
220 1370 319 1444 negat
335 1359 536 1444 Fauciolatus
556 1363 591 1439 in
606 1363 777 1434 Animadv.
795 1365 866 1440 urit.
885 1366 920 1448 in
938 1364 1018 1444 Lex,
1031 1364 1144 1428 Dane-

105 1447 129 1507 ti
146 1449 232 1532 psl:
257 1445 549 1531 Drakenborohius
567 1471 584 1510 e
603 1448 700 1526 codd,
716 1449 858 1513 restituit
873 1447 926 1528 ub.
954 1448 993 1516 In
1011 1447 1142 1524 Sallust.

104 1532 178 1610 Cat,
198 1531 441 1610 10,1,-'codioes
457 1532 523 1596 duo
541 1531 601 1596 obe
616 1534 732 1619 stirpe,
757 1535 848 1619 quud
862 1557 962 1600 nomo
1000 1533 1142 1598 rubebit.

105 1616 170 1679 Sed
199 1637 302 1700 quum
323 1616 498 1681 iam'olim
521 1629 628 1682 essent
649 1621 706 1704 qui
731 1619 944 1708 duplicandue
974 1557 1102 1689 litterae
1124 1639 1142 1683 s

104 1703 206 1767 etiam
230 1701 300 1766 aliis
326 1701 361 1765 in
383 1703 489 1766 verbis
515 1702 679 1786 furerent,
701 1727 833 1776 eorum
851 1705 1056 1785 sedulitatem
1069 1725 1143 1768 nou

104 1787 301 1850 mirabimur
332 1787 364 1850 in
388 1787 550 1852 vocabulo
575 1787 645 1866 aba.
689 1791 836 1854 Omnino
860 1813 939 1856 voro
964 1790 1145 1854 tenendum

104 1884 165 1951 ost,
183 1871 327 1952 litteram
340 1873 436 1954 istam
451 1873 519 1936 inte
562 1875 681 1938 ositam
696 1897 775 1952 esse,
790 1875 848 1937 ubi
866 1875 971 1940 modo
988 1875 1145 1944 transitus

103 1959 143 2020 in
171 1975 196 2031 Q
220 1967 251 2020 et
267 1979 290 2021 Τ
310 1958 483 2044 asperitate
509 1895 676 2021 ridendum
694 1959 876 2038 videretur,
907 1961 955 2022 uti
969 1960 1004 2023 iu
1021 1957 1143 2043 ultaque

105 2053 142 2106 ct
167 2042 282 2106 omissa
301 2043 445 2107 litterae
462 2043 497 2105 in
514 2055 712 2128 departure,
744 2044 930 2107 utatinerue
949 2045 985 2108 in
998 2065 1144 2130 praepo-

105 2128 226 2192 sitione
249 2139 359 2193 uutem
380 2149 450 2191 non
473 2127 615 2214 aequalis
638 2138 707 2192 erat
732 2129 936 2216 scriptorum
957 2151 1052 2210 usus,
1082 2149 1143 2191 nec

106 2214 202 2278 facile
234 2224 360 2300 potest'
375 2213 553 2310 quidquam
584 2214 777 2278 auctoritate
802 2215 954 2279 codicum
978 2214 1144 2285 cunstitui.

105 2299 308 2362 florentioris
327 2301 396 2361 aevi
413 2309 588 2386 scriptores
604 2300 650 2362 ita
665 2299 756 2376 abusi
767 2311 844 2364 sunt
858 2299 921 2364 hau
936 2299 1080 2392 syllabae
1094 2299 1144 2362 la-

105 2384 256 2462 titudine,
277 2375 421 2460 utetiain
438 2394 512 2446 aute
526 2384 655 2448 vocales
671 2396 835 2471 ponerent
852 2383 923 2462 aba,
965 2385 1143 2450 Tertullia-

106 2491 185 2549 nus,
206 2469 279 2539 -sive
301 2469 446 2564 quisquis
470 2477 519 2532 est
542 2471 693 2534 carminis
716 2482 833 2534 auctor
851 2470 923 2534 adv.
942 2469 1044 2536 Marc.
1064 2470 1095 2550 4,
1111 2472 1143 2550 4,
1220 2464 1222 2470 ’

108 2560 197 2636 103,
231 2555 338 2617 tutin
360 2553 535 2640 evurtgelio
554 2554 711 2634 dominun
733 2578 858 2644 quoque
878 2555 984 2632 uteie,
1009 2567 1041 2619 et
1057 2557 1142 2618 ltue-

107 2639 168 2716 ‹baa
182 2577 244 2702 aba
262 2637 374 2786 colpus
391 2639 484 2720 cerui
497 2650 627 2722 stantes
643 2641 680 2726 iu
689 2653 795 2730 purte
809 2642 962 2728 aiuiatru.
978 2642 1010 2732 5,
1022 2642 1054 2724 5,
1070 2645 1142 2722 122,

103 2727 275 2810 promisso
295 2747 317 2786 u
339 2723 453 2808 euleu.

206 2847 356 2908 Priscianus
378 2848 420 2902 14.
441 2870 467 2920 p.
490 2850 549 2907 995.
567 2849 602 2920 (5,
618 2851 672 2921 42.)
700 2851 766 2906 aba
795 2863 854 2917 tem
876 2857 905 2908 lu
930 2857 1143 2923 compositione.

171 2955 256 3009 quam
274 2939 304 2988 in
316 2940 505 3006 appositione,
523 2935 740 2994 tunsonantr'bns
753 2935 827 2990 solet
841 2940 987 3009 praeponi·
1026 2937 1082 2992 Sed
1098 2932 1144 2989 ab

171 3018 301 3075 carnibus
322 3023 352 3075 in
373 3023 572 3091 compositione
596 3026 778 3091 praeponitur
793 3022 910 3085 litteris,
930 3021 1033 3096 absque
1060 3040 1078 3073 c
1099 3019 1146 3074 vel

178 3104 269 3175 ρ’,υεὶ
293 3123 318 3158 r.
346 3130 383 3144 -
424 3108 499 3168 Ante
521 3124 540 3176 u
562 3095 791 3176 inuppuritione
823 3105 916 3170 atu„
945 3104 1010 3160 aba
1029 3104 1145 3180 quoli-

173 3190 252 3244 bet.-
278 3198 344 3244 ante
367 3208 433 3252 varo
453 3209 470 3258 e
487 3190 533 3257 uel
551 3210 568 3243 r
591 3193 620 3256 iu
637 3195 854 3261 compositione,
889 3201 922 3246 ut
942 3190 1143 3253 abscondo,

171 3274 344 3338 abscedo·

139 3366 166 3416 χ’
205 3386 317 3438 Codices
333 3383 429 3454 scripti
445 3387 501 3440 lere
518 3402 618 3454 temper
633 3388 660 3437 in
674 3387 716 3437 his
734 3385 865 3437 vocabulis
884 3386 995 3446 variant,
1014 3391 1143 3450 nec'pot-
1215 3427 1232 3442 .-

171 3471 213 3523 est
236 3469 332 3536 ubique
351 3460 441 3521 eurum
458 3469 634 3538 discrepantia
659 3472 759 3521 aurium
781 3471 878 3520 iudicio
892 3469 1077 3536 compensarit.
1089 3485 1147 3516 nam

174 3555 305 3618 veteribus
321 3555 468 3616 homiuibus
488 3574 541 3622 non
555 3573 638 3624 pauca
648 3555 811 3622 placuerunt,
828 3571 893 3622 quae
907 3553 984 3620 uubis
1000 3569 1067 3602 nuuc
1079 3551 1147 3602 hur-

174 3639 233 3702 rida
254 3649 300 3698 aut
321 3641 417 3704 ¹absone
437 3639 583 3696 videantur.
616 3641 711 3691 Caesar
732 3643 759 3690 B.
780 3637 882 3706 utet,
898 3637 940 3701 10,
958 3635 990 3691 8..
1004 3637 1148 3699 Romaest

174 3733 273 3788 senatu
295 3733 324 3778 et
346 3743 364 3775 a
381 3723 488 3794 populu
503 3727 563 3796 peti
581 3722 695 3776 debers.-
713 3735 765 3794 tres
781 3723 885 3792 codices
905 3719 941 3774 ab
956 3729 1064 3781 senatu,
1083 3738 1148 3770 uuus

174 3809 253 3858 etiam
276 3805 313 3859 ab
334 3807 452 3877 populu.
486 3805 526 3858 Ad
545 3808 610 3858 haec
626 3810 794 3877 Oudendorp.
811 3807 927 3858 nutavit:
950 3807 1096 3876 „sodamat
1112 3803 1149 3856 ab
1254 3799 1256 3807 ’

174 3903 201 3944 et
217 3913 235 3943 a
249 3893 358 3959 iungere
371 3894 473 3958 Caesar,
490 3904 519 3956 nt
532 3897 561 3958 B,
572 3893 640 3959 Gall.
654 3890 681 3963 5,
696 3891 741 3961 32,
756 3893 781 3952 2.
799 3889 835 3958 ab
850 3889 918 3960 duce
929 3900 958 3942 et
972 3910 990 3944 a
999 3883 1149 3959 [ortana.“

176 3979 206 4027 ld
220 3997 283 4029 vcro
300 3996 353 4028 non
369 3978 474 4028 Caesari
487 3978 622 4046 proprium
638 3977 792 4042 tribuerim,
809 3975 856 4025 sed
870 3992 935 4044 quae
949 3973 1026 4032 affert
1042 3972 1149 4022 Ouden-

175 4062 359 4130 dorpiusalia
378 4061 510 4128 exempla,
537 4062 710 4130 comprobant
725 4079 798 4114 usum
809 4060 957 4131 duplicatae
971 4057 1148 4130 praepositio·
1176 4048 1179 4054 ’

175 4148 235 4212 nis,
262 4165 317 4199 non
331 4147 432 4200 formae
448 4145 606 4198 varietatem.
