2834 4756
263 341 334 430 sss
428 436 432 450 s
663 349 920 433 surnovsu.
1005 423 1007 428 .

356 494 440 586 Res,
460 503 512 570 cui
528 501 589 570 alia
604 505 787 594 praecedit,
818 514 874 569 aut
888 501 962 592 ipsa
976 511 1113 590 apparet
1123 503 1161 576 in
1177 511 1316 600 tempo-

270 610 325 672 re,
348 615 416 678 quo
433 588 488 672 fit,
515 601 551 654 ut
565 613 617 656 res
637 615 711 656 cum
728 615 764 656 re
782 598 1011 677 comparetur,
1044 599 1101 652 aut
1122 589 1331 674 intelligitur⁴

270 687 442 764 tamquam
459 677 672 763 exspectanda
690 679 751 758 ita,
779 687 817 740 ut
834 675 1059 740 conditionem
1086 671 1229 760 aliquam
1253 673 1318 738 ad-

88 813 90 824 ,
184 771 187 776 ⁴
266 763 346 845 dat,
372 773 405 826 et
418 770 549 860 tempus
567 757 642 827 cum
658 763 791 826 atterius
804 761 964 848 temporis
978 760 1111 824 ratione
1129 779 1315 858 compona-

270 856 335 911 tur.
378 844 464 911 fltud
488 870 524 910 111
546 847 643 912 rebus
672 845 753 935 ipsis
776 846 985 911 observatum
1006 867 1068 932 per
1089 841 1313 924 indicativum,

254 931 336 996 hoc
355 931 553 1018 cogitatione
567 933 715 1021 positum
731 955 791 1019 per
807 932 1050 997 coniunctivum
1059 977 1069 1012 ,
1099 931 1156 1016 qui
1177 930 1314 994 ratioci-

269 1015 396 1080 nationi
415 1013 566 1098 inservit,
588 1020 797 1105 exprimitur.
828 1017 932 1104 idque
947 1013 981 1080 in
995 1035 1200 1102 quacumque
1215 1037 1314 1080 corn-

266 1102 440 1200 parutione
455 1105 682 1187 cognoscitur,
711 1123 794 1191 quae
817 1110 872 1166 aut
887 1119 965 1166 rem
977 1099 1153 1188 componit
1175 1119 1252 1166 cum
1276 1121 1313 1164 re

267 1209 333 1250 ram
352 1188 484 1272 cognita
497 1199 529 1252 et
542 1189 734 1264 indicanda,
754 1195 810 1252 aut
824 1207 896 1253 rem
914 1187 1043 1252 confert
1056 1206 1132 1250 cum
1147 1209 1207 1267 eo,
1223 1187 1314 1272 quod

269 1290 339 1337 csse
357 1274 459 1360 possit
476 1283 508 1337 et
530 1295 599 1338 esse
622 1275 820 1362 cogitatione
839 1271 991 1371 ponitur.
1019 1269 1119 1337 veluti
1142 1272 1226 1335 Plin.
1251 1269 1313 1358 Ep.

266 1361 305 1439 7,
334 1359 389 1424 24.
416 1353 563 1423 studebat
593 1358 658 1424 itta
684 1370 917 1446 pantomimos
935 1355 1132 1444 ferebatque
1166 1354 1313 1445 effusius,

254 1463 372 1529 prtum
378 1443 537 1532 principi
548 1440 707 1532 feminae
725 1440 889 1508 convenit.
912 1443 968 1506 sed
987 1443 1122 1506 Sueten.
1147 1441 1241 1531 (falb.
1260 1445 1312 1506 14.

266 1527 371 1592 modo
388 1527 612 1594 remissiores
628 1527 872 1618 negligentior,
886 1547 989 1614 qurum
1005 1523 1197 1592 conueniret
1211 1526 1315 1614 prin-

267 1613 338 1698 cipi
362 1615 477 1679 electe.
519 1613 633 1702 Itaque
656 1636 758 1702 quum
783 1614 852 1677 Cic.
879 1613 918 1676 ad
942 1613 1009 1677 Au.
1028 1619 1068 1678 10
1076 1659 1085 1689 ,
1107 1614 1157 1678 15.
1180 1612 1312 1676 scribite

267 1695 404 1764 litterar
430 1697 488 1764 der
512 1709 593 1786 unte
608 1720 712 1787 quanm,
736 1696 958 1776 discedimus,
984 1697 1017 1762 id
1045 1696 1204 1786 siguificat
1230 1709 1314 1762 unte

269 1783 456 1848 discessum
482 1794 646 1849 nostrum.
684 1797 715 1850 et
739 1783 843 1848 Plauti
867 1784 936 1847 Mil.
960 1788 1001 1859 8,
1036 1789 1072 1864 1,
1103 1783 1174 1848 115.
1227 1783 1312 1858 rius,

290 1869 493 1947 unmlncet,
516 1870 643 1936 adsunt
659 1880 797 1936 estante
820 1869 941 1942 lucem.
986 1869 1049 1932 Sed
1072 1889 1174 1953 quum
1214 1891 1313 1932 cneca

266 1891 342 2018 iiiut.
369 1976 423 2040 qu.
446 1959 488 2036 -2,
514 1962 564 2020 12.
600 1969 681 2022 unte
712 1968 827 2021 autem
856 1953 1005 2020 uidemus
1021 1951 1312 2041 fitigurutionem‚

266 2061 370 2125 quum
384 2061 504 2106 sonum
518 2040 714 2105 audiemus.
739 2041 917 2126 cohaerent
939 2038 1020 2103 haec
1039 2037 1237 2102 conditionis
1256 2061 1313 2102 ra-

266 2123 378 2204 tione,
404 2145 464 2190 neo
487 2147 538 2190 res
558 2134 772 2214 comparatur
794 2145 869 2189 cum
892 2147 929 2190 re
950 2143 1100 2189 seorsum
1120 2133 1313 2211 apparente,

218 2215 221 2222 '
265 2209 324 2274 sed
351 2231 429 2274 cum
449 2230 486 2274 re
506 2210 551 2276 ita
582 2211 770 2312 supposita,
806 2219 844 2274 ut
865 2210 1024 2296 temporis
1051 2209 1135 2272 ratio
1154 2219 1186 2296 et
1204 2230 1312 2274 nexus

267 2294 505 2360 consideretur.
548 2293 700 2364 Namtlle
719 2317 789 2362 nou
813 2294 910 2382 dicit,
941 2292 1032 2381 quod
1054 2302 1203 2381 poterat,
1228 2291 1312 2381 ful-

263 2381 486 2467 gatrutionem
506 2378 655 2466 uidemus
678 2394 759 2446 onte
781 2403 900 2445 sonunt
924 2379 1099 2452 nuditum,
1133 2380 1189 2444 sed
1214 2379 1312 2444 vide·

264 2461 626 2552 musfitlgurutionem
646 2479 727 2532 unte
743 2479 893 2552 tempus,
916 2465 953 2530 in
970 2489 1033 2552 quo
1050 2463 1241 2528 erudiendus
1264 2465 1313 2528 sit
1410 2535 1411 2542 χ

264 2571 377 2613 sonus.
402 2550 475 2614 *Sic
501 2550 569 2615 Cic.
594 2551 634 2618 de
657 2553 748 2616 Orat.
773 2559 808 2634 1,
837 2553 895 2631 59,
924 2553 998 2616 251.
1027 2549 1176 2638 qnotidie
1210 2561 1311 2613 onte·
1410 2571 1411 2580 ¹

265 2655 368 2724 prtum
391 2636 633 2720 pronuntient,
665 2651 778 2716 vocent·
804 2635 964 2700 credentes
997 2636 1122 2700 sensim
1141 2633 1309 2700 excitent.

267 2719 444 2792 consilium
469 2720 659 2799 intercedit,
697 2741 765 2808 quo
798 2723 972 2786 coniuncta
996 2721 1175 2784 videantur.
1237 2718 1309 2784 Nos

263 2815 442 2892 utrumque
458 2806 688 2893 distinguimus
703 2807 869 2874 vocubulis
890 2808 948 2872 ede
966 2815 998 2869 et
1015 2803 1124 2870 deror.
1153 2803 1192 2869 ln
1207 2826 1309 2893 prae·
1409 2815 1410 2832 ¹

265 2893 350 2956 senti
368 2901 521 2980 tempore
538 2915 640 2979 quum
658 2913 764 2958 unum
778 2902 924 2969 tantum,
948 2890 1038 2978 quod
1057 2899 1208 2981 apparet,
1225 2913 1309 2954 con-

156 3047 161 3064 ,
263 2976 440 3064 spiciatur,
462 2978 602 3043 alterum
618 3001 688 3044 non
703 2980 766 3043 nisi
783 2979 967 3066 exspectari
983 2986 1014 3040 et
1030 2974 1176 3064 supponi
1189 2975 1309 3062 possit,
1408 2999 1409 3002 ¹

261 3064 440 3150 proprium
462 3063 574 3128 locum
606 3063 705 3130 habet
728 3064 964 3128 coniunctivus.
1017 3061 1120 3126 Varro
1147 3059 1188 3124 de
1207 3060 1254 3124 Re
1276 3083 1306 3124 r.

263 3153 302 3221 1,
334 3153 387 3212 50.
418 3159 601 3238 antequam
629 3171 787 3239 gemmus
817 3157 930 3236 agant
952 3169 994 3211 uc
1010 3145 1196 3234 florescere
1217 3142 1308 3211 inci-

255 3230 364 3319 piunt
390 3233 469 3297 seri.
523 3234 639 3319 Virgil.
665 3237 787 3335 Georg.
820 3235 861 3316 4,
881 3232 955 3300 305.
975 3231 1038 3295 hoc
1060 3232 1215 3320 geritur,
1249 3253 1307 3294 ze-

254 3317 378 3404 phyris
395 3316 551 3405 primum
576 3320 825 3408 impellentibus
851 3318 982 3398 aindas,
1020 3329 1102 3381 ante
1128 3317 1222 3381 nouis
1244 3336 1307 3379 ru-

260 3401 480 3491 beantquum
489 3415 600 3490 prata
620 3404 798 3492 coloribus.
843 3403 957 3470 Senec.
973 3401 1036 3488 Ep.
1062 3408 1139 3479 103,
1163 3407 1194 3466 2.
1219 3414 1306 3467 tem-

240 3500 376 3574 pestas
392 3490 564 3568 minetur,
594 3502 777 3580 antequam
792 3501 925 3578 surgat.
981 3489 1093 3552 Sanco.
1116 3486 1213 3551 Herc.
1238 3485 1305 3550 fur.

260 3579 336 3640 210.
356 3587 539 3663 antequam
556 3574 686 3642 laetam
703 3575 841 3641 domum
857 3575 1058 3661 contingat,
1083 3570 1182 3636 eliud
1197 3573 1306 3635 iussin

262 3657 313 3722 ud
335 3657 459 3724 bellum
470 3669 577 3726 ment.
622 3662 715 3743 Quae
732 3659 899 3747 explicare
911 3681 979 3724 non
994 3659 1132 3746 poteris,
1152 3657 1179 3721 si
1196 3658 1306 3722 Gera-

260 3741 405 3808 hurdum
434 3747 578 3832 sequaris
610 3749 644 3813 in
676 3747 899 3822 commentat.
934 3761 1073 3833 gramm.
1104 3741 1162 3830 IV.
1192 3763 1226 3830 p.
1253 3743 1304 3806 15.

186 3856 188 3861 ·
261 3828 430 3917 (Seebodii
458 3832 584 3917 syltoo.
608 3836 647 3913 2,
672 3839 708 3898 3.
738 3855 773 3918 p.
800 3829 888 3914 537.)
917 3828 1190 3918 praecipientem,
1221 3848 1306 3890 cou-

260 3914 408 3979 iunctivo
425 3885 619 4000 particuiam
640 3937 711 3981 non
727 3917 900 4002 coniungi,
930 3915 992 3979 nisi
1013 3911 1240 4000 suscipiendae
1257 3911 1307 3976 rei

262 3998 397 4064 alieuius
416 3999 546 4065 initium
566 4001 710 4082 adeius,
763 4003 796 4065 ui
820 4001 973 4088 suscipit,
1006 4009 1152 4063 mentam
1175 3996 1306 4062 refera-

260 4093 327 4148 tur.
370 4083 519 4152 Meinero
544 4086 678 4176 filiisque
700 4024 882 4152 suificiebat
908 4085 1106 4172 distinguere
1129 4083 1306 4148 sententias
1405 4129 1406 4176 t

257 4179 363 4238 certas
393 4181 427 4238 et
456 4169 581 4239 dubias.
638 4176 681 4240 at
711 4173 937 4242 conditionem
965 4170 1130 4260 respicere
1156 4171 1307 4258 oportet,
1372 4195 1375 4202 ·
1405 4177 1406 4189 ¹
