2866 4754
185 347 192 362 ⁸
263 353 363 427 sse-¹
504 373 509 386 ·
753 343 823 412 AN.
924 321 927 328 ’
997 414 999 432 Ι

367 505 607 577 ῐιιι.ειριιοαιιι1ιιι6
624 499 679 556 cici
698 496 731 566 dd
748 502 814 572 ltin.
833 497 868 566 2;
888 497 940 564 27,
960 485 1004 557 88:
1023 519 1060 556 an
1077 494 1162 556 dolor
1179 501 1315 576 tragisse.

334 586 395 648 tuus
415 581 529 666 quisque
545 593 728 652 miserrimus,
745 585 921 657 uoluptatem
943 605 998 640 non
1019 585 1220 658 optabiliorem
1247 589 1310 643 diu·

334 683 454 735 turritas
464 673 567 747 facit?
583 675 602 725 i.
619 693 643 727 e.
662 691 696 724 au
714 673 875 726 coucedatur
889 672 1203 741 doloremiortgiesimum
1214 693 1310 744 quem-

333 785 385 837 que
402 781 459 817 esse
475 759 663 821 miserrimum,
692 776 747 810 non
762 768 849 810 autem
867 757 1026 834 coucedatur
1041 757 1244 812 diuturnitatem
1264 761 1309 812 sa·

332 869 391 906 ecre
408 848 566 914 voluptatem
585 843 789 912 optabiliorem?

332 952 451 1048 'Atque
470 969 512 1012 ex
528 945 579 1010 his
605 946 684 1033 ipsis
710 943 871 1032 exemplis
898 942 1081 1029 redigitur,
1110 945 1146 1008 in
1165 945 1310 1012 secunda

263 1047 443 1104 sententiae
458 1042 552 1121 parte
566 1031 763 1118 plerumque
780 1030 863 1120 poni
880 1028 1032 1092 futurum
1050 1028 1102 1094 rel
1118 1032 1309 1096 coniuncti·

135 1194 138 1200 ,
264 1145 360 1191 vum:
382 1121 479 1186 etiam
495 1117 689 1204 interposita
708 1114 922 1181 conditionali
938 1116 1109 1180 sententia.
1140 1117 1222 1183 Plin.
1241 1117 1307 1205 Ep.

177 1281 178 1285 ,
245 1217 303 1284 «1,
327 1212 385 1290 16,
400 1204 437 1282 ii.
456 1227 560 1291 nequae
576 1203 666 1268 enim
692 1201 790 1268 debet
813 1199 967 1287 operibus
990 1201 1061 1265 eius
1084 1199 1197 1266 obesse
1218 1204 1310 1292 quod

264 1295 355 1362 uiuit.
397 1292 470 1371 Aa,
491 1291 523 1354 si
537 1289 627 1354 inter
645 1311 717 1368 eos,
739 1309 818 1374 qnos
834 1307 1018 1374 nunquam
1040 1286 1206 1363 vidimus,
1228 1287 1308 1376 flo-

262 1381 404 1451 ruisset,
420 1398 489 1440 non
507 1374 615 1438 solum
632 1371 735 1437 libros
751 1372 842 1453 eius,
874 1393 987 1436 aarum
1006 1373 1112 1436 etiam
1133 1373 1310 1461 imagines

183 1527 187 1532 .
262 1464 547 1552 conquireremus.-
570 1458 720 1524 eiusdem
733 1455 823 1522 nunc
838 1457 948 1522 ltonor
957 1458 1151 1542 praesentis
1169 1471 1202 1524 et
1213 1483 1308 1546 gra*

262 1554 315 1620 tia
332 1547 431 1638 qrrasi
445 1547 606 1632 satietate
629 1541 852 1629 languescet?
873 1541 930 1605 ubi
944 1543 1165 1628 Heusingerus
1180 1546 1308 1631 proba·

174 1692 175 1696 ,
261 1640 309 1703 vit
331 1630 549 1721 languescit.¹
579 1628 776 1712 indicativus
806 1630 985 1717 praesentis
1008 1627 1040 1692 le
1063 1630 1129 1693 itui
1150 1630 1186 1694 iu
1208 1633 1308 1696 resti-

261 1733 335 1787 tuto
353 1721 435 1790 loeo
460 1715 529 1780 Cic.
552 1715 727 1802 p.,Planc.¹
743 1719 803 1796 20,
826 1715 887 1778 49.·
900 1737 948 1777 au
963 1649 1113 1778 tandem
1132 1737 1203 1781 una
1224 1731 1308 1781 ceu-

261 1807 357 1874 tnria
368 1801 618 1890 praerogatiua
640 1811 776 1864 tantum
793 1797 895 1864 debet
915 1801 1157 1882 auctoritatis,
1187 1813 1226 1865 nt
1240 1826 1308 1867 ne·

260 1917 315 1959 mo
333 1898 493 1977 umquam
505 1887 606 1986 prior
621 1907 698 1950 eam
713 1885 840 1966 tulerit,
856 1884 934 1972 quin
952 1885 1168 1952 renuntiatus
1182 1887 1228 1950 sit
1245 1899 1308 1952 aut

163 2023 168 2038 ,
261 1981 306 2046 iis
322 1977 406 2062 ipsis
422 1973 570 2040 comitiis
586 1971 711 2047 consiti,
721 1981 783 2034 aut
798 1982 887 2034 certe
904 1970 1054 2040 inillam
1070 1993 1219 2036 annum:
1240 1996 1304 2036 ne-

84 2115 89 2126 ι
151 2117 172 2132 ,,
261 2065 366 2132 dilem
393 2072 431 2124 tn
452 2057 635 2146 Plancium
654 2053 790 2144 factum
811 2056 952 2121 miraris
967 2053 1034 2120 -ἲ
1072 2057 1155 2123 ΡΙιιι.
1183 2056 1247 2144 Ep.
1273 2062 1306 2138 8,
1320 2073 1327 2099 ³

263 2158 321 2228 12,
339 2154 371 2215 3.
393 2168 459 2224 an,
479 2144 512 2207 si
530 2141 644 2207 litibus
660 2153 804 2221 tuerer,
835 2139 1032 2210 obstrictum
1057 2165 1128 2207 esee
1153 2165 1207 2208 me
1230 2167 1307 2208 cre-

256 2237 375 2302 derem
390 2229 526 2294 obeunti
542 2227 853 2292 vadimoniamea:
874 2249 983 2307 nunc,
1007 2227 1088 2314 quia
1105 2228 1191 2310 milei
1205 2251 1307 2294 omne

261 2318 454 2406 negotium,
478 2314 587 2378 omnis
603 2313 640 2377 in
654 2312 778 2377 studiis
794 2335 877 2380 crura
886 2360 897 2394 ‚
922 2312 1034 2377 minus
1053 2310 1188 2401 obligor
1201 2325 1307 2380 tanta

141 2485 144 2492 ,
232 2404 443 2472 ‘sedulitate
459 2395 666 2464 celebranti?
717 2435 721 2450 ι
1128 2461 1130 2468 ,

342 2510 525 2596 Madvigius
557 2530 593 2593 p.
615 2507 668 2571 44.
688 2506 777 2572 hanc
808 2506 987 2574 dictionem
1013 2510 1058 2574 ait
1080 2507 1246 2594 interdum
1269 2511 1306 2576 in

261 2593 463 2666 anacoluthis
478 2593 641 2679 usurpari.
693 2592 758 2657 Sed
776 2592 833 2658 ubi
854 2615 956 2661 unam
972 2606 1103 2660 tantum
1117 2615 1188 2660 rem
1206 2616 1306 2660 eom-

258 2683 414 2772 plectitur
431 2679 664 2765 interrogetio,
695 2699 733 2760 ea
754 2678 789 2752 in
809 2701 842 2744 se
857 2679 995 2761 suffieit,
1027 2691 1060 2745 et
1082 2683 1119 2746 in
1142 2682 1304 2770 exemplis

259 2769 376 2842 allatis.
390 2767 474 2840 nihil
499 2765 715 2844 desideratur,
749 2763 814 2828 nisi
843 2766 935 2850 quod
966 2766 1001 2830 in
1026 2788 1231 2854 (luscumque
1262 2768 1305 2834 de

260 2853 423 2922 contrarie
466 2849 625 2916 sententia
661 2848 810 2915 instituta
840 2850 1099 2940 interrogatione
1131 2875 1170 2917 oo
1194 2851 1305 2919 itetur.

260 2943 327 3008 Cic.
352 2941 452 3008 Tusa
481 2939 520 3018 5,
549 2942 610 3017 26,
637 2941 690 3000 73.
719 2959 768 3001 an
789 2934 942 3022 Epicuro
963 2973 1007 2988 -
1023 2927 1143 3003 'dicere
1167 2875 1306 3003 licebit?

258 3028 335 3093 Non
351 3023 536 3090 addendum
553 3032 639 3087 erat:
666 3019 790 3085 Stoicis
805 3023 983 3093 nunidem
1006 3021 1189 3088 dicendum
1214 3020 1307 3088 erit?

181 3141 184 3146 ·
258 3111 352 3178 sicuti
366 3109 511 3196 Philipp.
535 3112 571 3182 1,
595 3113 615 3171 7
623 3154 633 3185 ‚
655 3110 706 3171 17.
726 3106 791 3187 an}
825 3108 856 3171 si
881 3109 936 3172 cui
958 3109 1040 3195 quid
1062 3109 1119 3174 ille
1128 3107 1302 3196 promisit,

258 3198 298 3266 id
314 3197 378 3262 erit
389 3190 523 3280 fixum?
540 3213 610 3256 non
628 3191 882 3256 desiderabimus
895 3192 991 3258 verba
1003 3194 1095 3281 leges
1107 3196 1184 3260 ‘eius
1201 3206 1303 3259 ratae

258 3306 328 3351 nou
343 3276 466 3346 errant?
488 3279 582 3361 Quae
603 3278 807 3366 praeteristis
827 3279 964 3362 cogitari
980 3281 1129 3366 possint,
1153 3280 1251 3345 veluti
1267 3280 1304 3346 in

124 3439 129 3444 ,
260 3369 336 3438 albo
353 3387 423 3430 non
439 3363 592 3454 nigrum2
617 3361 701 3426 nihil
724 3365 839 3428 attinet
864 3365 904 3429 ad
928 3367 1178 3451 grammaticum
1203 3387 1304 3453 argu-

181 3511 184 3514 .
257 3463 426 3522 mentumr
466 3452 501 3515 in
529 3470 595 3535 quo
625 3446 749 3512 sufficit
779 3450 1044 3516 animaduertisse
1074 3475 1122 3517 an
1155 3473 1229 3516 esse
1255 3474 1304 3516 an

258 3551 390 3609 contra.

343 3652 394 3712 13.
429 3642 598 3710 Praecedit
621 3661 719 3730 saepe
743 3641 805 3706 alie
833 3640 1070 3730 interrogatio,
1104 3667 1190 3732 qua,
1222 3642 1304 3732 quid

218 3778 224 3813 ,
258 3732 310 3799 vel
331 3753 388 3796 cur
404 3732 510 3818 aliqua
533 3751 585 3793 res
608 3727 667 3804 sit,
688 3726 866 3823 quaeritur.
909 3727 1005 3793 Tunc
1023 3731 1132 3816 posito
1152 3755 1200 3796 an
1220 3732 1303 3812 edii-

55 3877 67 3898 „
215 3822 225 3883 l
258 3819 343 3882 citur
357 3838 417 3902 per
442 3817 665 3880 coniecturam
688 3821 744 3878 aut
766 3811 869 3876 aliena
889 3824 921 3876 et
945 3815 1109 3881 contraria
1129 3817 1302 3898 sententia,

53 3892 83 3936 't
257 3913 314 3970 eut
332 3901 401 3964 alus
420 3901 559 3986 caussis,
593 3919 675 3985 quse
698 3919 770 3962 non
792 3919 834 3961 ex
860 3909 1023 3982 onuntur,
1054 3899 1302 4002 Qdam

77 3977 85 4006 ι
258 3975 489 4092 opponuntur·
529 3985 600 4060 Nos
616 3919 884 4054 suffitione}
903 3979 970 4056 “⁹5⁴

355 4089 464 4158 ⁸'i'ereat
483 4106 559 4159 Eun„
574 4102 607 4169 5,
627 4101 662 4167 6,
687 4100 730 4158 16.
750 4101 939 4175 quitantia,
958 4102 1112 4173 petrone?
1131 4123 1167 4159 cn
1183 4107 1301 4184 recutita

265 4189 270 4208 ¹
325 4192 378 4248 ιιι
405 4190 490 4246 rua.
515 4189 608 4263 Amph.
634 4189 667 4256 e.
693 4188 730 4254 ι,
751 4185 793 4243 se.
820 4187 1032 4266 suquatur
1051 4175 1224 4248 taratara
1243 4199 1303 4245 aa
