2866 4754
272 366 338 434 sor
433 377 435 388 ·
494 314 496 333 ¹
529 361 745 430 auruum.
789 361 1049 442 auruovm.

339 519 383 574 10.
401 519 491 572 miuus
510 482 573 573 'iam
585 513 736 588 furtificus
752 535 828 579 rum,
847 533 930 587 qaam
945 515 1073 572 antehae.
1090 476 1165 569 uit.
1182 516 1210 582 4,
1227 517 1254 580 8,
1271 515 1315 572 ⁶6.

339 625 434 661 verum
452 623 533 676 quum
548 602 681 667 antehac,
698 613 758 658 tum
774 597 1011 657 hodiamaxume.
1039 605 1125 656 Tacit.
1143 608 1210 658 Ann.
1229 604 1256 669 3,
1271 599 1315 658 25.

286 750 290 758 Ι
339 700 424 762 utque
441 689 558 742 antehae
568 685 713 760 flagitiis,
731 691 772 742 ita
785 706 856 740 nanc
871 686 984 760 legibus
999 685 1189 744 laborabatur.

268 876 311 942 'ae
327 791 399 942 'ulit
421 789 571 856 absoluta
599 791 755 878 ponitur,
793 799 831 852 ut
855 801 979 865 antea,
1019 790 1083 880 pro
1109 789 1209 865 olim,
1228 785 1314 876 frti-

310 900 330 942 r
365 900 399 941 n.
893 912 895 918 ·
1207 890 1221 904 ·

371 963 456 1048 Plant
465 993 557 1064 Amph.
574 992 713 1060 1,1,302.
730 992 775 1048 tte
794 992 905 1066 quidem
924 1009 1032 1046 omnem
1049 992 1198 1064 imaginem
1215 1009 1313 1055 meam,

338 1096 409 1152 qaae
425 1077 541 1132 antehac
553 1074 673 1149 fuerat,
696 1079 831 1149 possidet.
866 1079 970 1132 Sallust.
989 1081 1045 1130 Cat.
1061 1077 1113 1146 25,
1131 1073 1157 1128 4.
1174 1091 1209 1130 ea
1228 1093 1314 1146 coepe

337 1175 396 1217 ante
406 1171 455 1218 lac
465 1162 557 1234 fidem
573 1162 745 1225 prodiderat.
1122 1189 1124 1194 ·

350 1267 440 1344 Cum
467 1275 652 1355 numquam
683 1265 750 1330 coit
785 1263 1065 1346 informatam,
1092 1263 1313 1352 quemadmo-

268 1349 350 1417 dum
373 1360 481 1418 onte.'
1006 1381 1014 1388 ·
1229 1375 1231 1382 ¹

372 1461 455 1526 Plant.
473 1471 566 1541 Amph.
583 1471 617 1535 2,
638 1469 730 1536 1,16.
755 1466 832 1539 quod
846 1485 925 1522 nemo
946 1489 1075 1544 umquam
1093 1470 1176 1526 homo
1194 1469 1313 1526 antehac

308 1556 419 1612 'vidia
452 1557 510 1609 Mil.
532 1556 565 1624 3,
590 1555 622 1622 2,
644 1555 688 1610 27.
714 1551 766 1609 eto
795 1569 833 1610 aa
853 1571 1003 1628 numquam
1027 1561 1147 1629 promsit
1170 1555 1312 1612 antehac?

242 1693 276 1724 ,Ι
335 1643 443 1705 Terent.
460 1641 542 1720 Andr.
561 1637 596 1710 5,
618 1638 651 1708 4,
668 1637 723 1726 111.Ι

349 1843 736 1967 ANTEQVAM.
796 1809 1285 1967 auratorum

352 2050 381 2109 1.
411 2045 624 2132 Comparatio
644 2045 806 2132 temporis
826 2043 1041 2111 antecedentis
1062 2054 1095 2109 et
1114 2044 1311 2131 posterioris

267 2131 466 2217 exprimitur
493 2131 687 2229 compositis
721 2130 886 2196 vocabulis
920 2143 1001 2196 ante
1032 2144 1145 2217 quam.
1201 2132 1314 2229 Atque

207 2267 210 2276 .
256 2227 349 2289 ,ante
364 2216 415 2280 val
433 2225 687 2304 praepositionis
708 2215 759 2280 vel
784 2216 927 2282 adverbii
949 2227 1147 2308 potestatem
1171 2216 1311 2296 obtinet,

266 2309 302 2364 ut
319 2300 463 2365 diximus
479 2324 514 2390 p.
529 2307 604 2367 373.
648 2302 712 2365 Sed
723 2301 785 2366 'ubi
801 2295 900 2367 altera
914 2325 967 2367 res
983 2303 1084 2368 verbo
1102 2303 1313 2383 exprimitur,
1368 2334 1371 2340 ·

267 2386 468 2471 copulantur
483 2384 660 2473 particulae
675 2405 892 2468 ANTEQVAM,
917 2409 985 2452 uno
1003 2397 1135 2453 accentu
1153 2409 1318 2472 compre--

265 2470 404 2544 homae,
429 2471 532 2557 fitquc
547 2473 755 2552 coniunctio,
775 2473 866 2536 cuius
881 2472 1072 2560 significatio
1087 2471 1171 2538 nihil
1186 2473 1310 2539 differt.

266 2555 385 2620 Graeci
400 2555 512 2620 dicunt
526 2558 596 2638 πρὶν
611 2554 642 2639 ἢ,
663 2558 819 2622 Germani
835 2558 913 2622 elrer
927 2559 992 2635 ula,
1012 2561 1081 2626 alre.
1102 2558 1167 2623 Sed
1198 2560 1311 2624 uando

251 2639 312 2726 ‚vis
330 2641 514 2728 imponitur
530 2644 657 2716 maior,
688 2663 749 2720 suo
768 2653 904 2708 accentu
918 2655 1096 2731 utrumque
1110 2666 1191 2710 voca
1216 2644 1312 2710 ulum

265 2725 421 2808 effertur,
444 2728 541 2792 etiam
560 2728 587 2792 si
603 2729 760 2816 proximo
773 2729 848 2794 loeo
864 2753 899 2794 sa
913 2731 1087 2818 attingunt.
1131 2729 1169 2795 ld
1186 2731 1311 2819 impri-

263 2813 417 2878 mistum
435 2811 490 2895 fis,
514 2825 616 2900 quum
634 2827 715 2880 ante
732 2837 808 2879 cum
825 2815 1027 2882 substantivo
1046 2815 1210 2882 cohaeret.

265 3034 267 3047 ¹
333 3021 473 3084 mortuus,
491 3038 595 3077 mecum
611 3029 640 3073 et
659 3040 719 3073 enm
735 3023 866 3094 Scipione
884 3022 1023 3077 disserere·
1054 3025 1164 3074 'suanm
1181 3025 1260 3090 Vesp.
1278 3023 1310 3078 2.

327 3105 516 3176 'quinquennio
533 3114 614 3170 ante,
632 3107 716 3178 quain
734 3107 879 3178 Augustus
895 3104 1044 3162 excederet.
1075 3109 1161 3159 Etiam
1172 3107 1310 3162 ctaumt.

297 3213 307 3226 ·
330 3190 364 3255 8,
381 3190 424 3244 72.
444 3188 488 3245 iric
504 3191 608 3246 Livius
629 3215 663 3232 -
685 3209 759 3245 anno
777 3194 839 3261 ipro
865 3203 946 3260 ante,
971 3192 1054 3266 quam
1077 3202 1221 3246 natusest
1246 3191 1310 3249 En·

330 3276 403 3330 nius.
428 3292 482 3328 non
501 3286 659 3346 antequam.
1104 3293 1106 3300 ’

365 3381 484 3432 Sanctius
510 3380 539 3431 in
561 3380 627 3432 Min.
645 3378 678 3444 4,
695 3377 722 3432 4.
739 3397 766 3449 p.
788 3379 847 3434 169.
873 3381 1001 3449 originem
1023 3379 1097 3434 verbi
1114 3369 1255 3449 quaerebat
1277 3380 1308 3433 in

330 3462 418 3533 ellipsi
435 3475 500 3520 ante
516 3483 573 3520 rem
592 3484 691 3535 quam,
716 3467 865 3522 Perizonius
889 3466 1054 3536 intelligebat
1080 3463 1187 3523 horunc.
1221 3467 1308 3530 Quam

225 3591 228 3598 ,
330 3551 476 3603 obsoletam
497 3550 643 3604 doctrinam
660 3568 735 3604 nemo
755 3559 824 3603 nunc
843 3560 926 3602 curat.

347 3659 387 3718 2..
409 3653 616 3742 Interpositis
640 3654 747 3720 verbis
764 3653 935 3740 quomodo
950 3637 1102 3739 idioarur,
1126 3652 1192 3718 iam
1206 3673 1308 3739 supra

261 3739 452 3824 expositum
476 3751 535 3806 cst.
580 3740 648 3804 Nec
670 3739 851 3826 quidquam
875 3737 978 3804 refert
1004 3760 1178 3802 numerare
1200 3738 1307 3804 inter-

260 3823 343 3888 iecta
357 3825 465 3890 verba.
498 3825 563 3892 Sed
578 3826 612 3892 in
630 3824 797 3895 bonorum
815 3825 1018 3910 scriptorum
1034 3846 1094 3900 usu
1115 3823 1308 3888 adverbium

155 3929 157 3938 ·
258 3908 426 4006 praecedit
447 3911 569 3995 verbo,
595 3909 659 3978 nisi
680 3909 743 3976 alia
764 3910 939 3977 intervenit
965 3932 1095 3992 caussa,
1109 3910 1220 3976 addito
1235 3910 1306 3994 ,alio

260 4015 409 4062 nomme.
1057 4020 1061 4040 ¹
1102 4003 1105 4018 '

262 4111 266 4126 ⁴
364 4117 419 4171 cre.
448 4119 480 4170 aa
502 4121 577 4171 aaa
601 4119 636 4183 a,
658 4117 686 4170 a
709 4118 734 4170 ..·
759 4119 784 4171 a
811 4117 988 4188 contegam,
1009 4127 1041 4170 ..ι
1061 4128 1090 4169 ι.
1105 4127 1171 4188 ...μ
1188 4115 1306 4180 ureae,
1412 4091 1413 4132 ³

239 4175 244 4202 ⁸
329 4221 411 4274 quam
431 4224 447 4260 e
465 4205 529 4259 uita
552 4202 717 4262 discederet.
749 4203 807 4259 Liv.
823 4202 873 4270 89,
892 4203 944 4270 10,
957 4203 983 4256 9.
1009 4221 1096 4281 aeque
1113 4214 1179 4257 ante
1195 4201 1306 4264 dimisit

366 2934 519 2998 Gic.,Lael.
541 2933 575 2998 3,
599 2934 641 2987 11.
667 2945 699 2990 ut
723 2938 836 2990 mancini
865 2937 997 2991 Catonem
1017 2955 1091 2990 anno
1119 2948 1199 2999 aare,
1224 2955 1311 3006 quam
1414 2971 1415 2976 =
