2866 4754
244 342 257 426 f
284 319 353 424 ajse
769 325 840 396 ΔΝ.

287 509 340 554 res
364 487 406 552 sit
430 483 522 564 talis,
535 454 590 550 'an
615 484 691 558 elia,
742 483 910 549 Sententia
924 453 1023 575 igitur
1036 483 1117 550 haec
1134 484 1330 556 disiunctiva

288 585 353 655 est,
374 573 510 660 ipsaque
530 569 745 661 interrogatio
761 570 826 640 hoe
847 571 950 635 modo
974 569 1060 662 faeta
1076 571 1242 659 duplicem
1266 574 1331 638 ha·
1429 645 1430 654 χ

192 715 194 718 .
287 659 343 722 bet
357 669 508 746 partem,
529 658 596 722 sive
620 656 724 722 verbis
745 679 952 744 expressam,
976 659 1045 721 sive
1067 679 1136 723 non
1162 657 1331 746 significa-

286 753 366 810 tam.
409 744 495 808 Nam
514 743 571 828 qui
587 743 712 829 quaerit
723 741 877 828 paucine
890 740 991 808 sunt?
1014 753 1047 806 et
1061 765 1108 806 an
1129 743 1183 808 ita
1207 746 1330 809 existi-

176 872 188 896 :
285 825 388 892 mos?
405 827 526 912 cogitat
541 827 621 890 haec
640 827 759 914 plena‘:
783 826 900 914 pauci,
923 849 965 892 an
986 848 1057 892 non
1072 830 1169 914 pauci
1182 830 1249 893 sint
1268 853 1331 895 ne·

281 915 375 998 ecio,
402 923 515 976 utrum
534 912 644 995 aliter,
665 935 705 976 an
729 912 774 974 ita
790 911 955 976 existimes
979 911 1113 976 dubito:
1145 936 1245 1002 quare
1267 915 1329 980 de-

287 1013 400 1075 cerne,
423 1008 536 1062 utrum
552 999 604 1061 sit.
646 997 895 1090 Respondentii
918 999 985 1062 itur
995 1019 1128 1084 semper
1146 1021 1187 1063 ex
1201 1000 1329 1066 duabus

185 1093 186 1096 ’
283 1075 338 1150 ¹vel
354 1083 504 1172 pluribus
518 1083 616 1147 rebus
631 1103 696 1146 una
712 1093 760 1147 est
778 1082 882 1170 eligen
907 1103 942 1160 a,
966 1082 1086 1170 illeque
1100 1093 1155 1146 aut
1171 1083 1327 1164 affirmat,
1429 1119 1430 1154 ι

286 1180 344 1238 aut
363 1179 470 1256 negat.
514 1167 732 1233 contrahitur
754 1179 863 1234 sutem
893 1167 973 1232 haec
997 1170 1180 1255 quaerentis
1206 1172 1327 1248 oratic,

245 1319 251 1342 1
284 1277 346 1320 nec
370 1254 469 1342 plena
493 1254 598 1318 verbis
625 1253 806 1340 exponitur
820 1253 862 1331 ¹iis
882 1255 1030 1331 omissis,
1062 1276 1144 1345 quae
1166 1253 1263 1321 facile
1284 1279 1329 1322 ex

284 1340 384 1408 altera
398 1340 575 1404 sententiae
591 1341 689 1425 partc'
698 1337 937 1423 intelliguntur.
962 1356 964 1362 ’
1189 1349 1191 1354 ’

366 1425 405 1491 In
419 1425 522 1490 latino
538 1445 690 1487 sermone
707 1422 937 1514 distinguimus
958 1425 1081 1512 triplex
1105 1423 1202 1489 buius
1219 1425 1328 1490 inter-

283 1511 463 1598 rogationis
486 1529 605 1595 gonns:
636 1508 671 1572 id
693 1509 785 1595 quod
806 1499 876 1608 ipsa
899 1504 1015 1575 dubiae
1031 1511 1327 1598 cogitationnes·
1429 1533 1430 1600 j

283 1607 358 1660 tura
378 1593 452 1660 fieri
473 1595 575 1658 iubet.
629 1594 776 1658 Primum
805 1617 895 1684 emm
917 1607 1152 1684 proponuntur
1175 1597 1327 1662 duceres

233 1749 241 1764 ,
284 1703 387 1770 aeque
407 1680 559 1760 dubiae,
579 1701 719 1767 quarum
747 1680 990 1746 alteramutrcm
1006 1705 1091 1758 ,esse
1122 1681 1327 1750 decernatur.
1429 1685 1430 1748 l

282 1767 356 1831 Hoc
379 1766 477 1865 plene
492 1766 687 1854 exprimitur
704 1761 809 1830 uerbis
835 1779 948 1830 utrum
965 1803 1009 1818 -
1023 1793 1090 1850 an,
1117 1767 1187 1848 vel,
1204 1768 1327 1832 omissa

282 1853 319 1954 in
345 1874 451 1950 prrorr
477 1861 570 1940 parte
591 1851 753 1938 particule
777 1852 1061 1940 interrogationis,
1095 1854 1232 1942 ponitur
1255 1854 1345 1921 dis-4,

251 1959 266 1974 ‘¹
282 1948 465 2003 runctrvum
480 1937 679 2002 vocabulum
705 1960 772 2018 an,
792 1938 845 2002 vel
864 1938 900 2002 in
927 1938 1069 2003 breviata
1091 1961 1127 2003 ae
1153 1949 1326 2004 contracta

182 2018 195 2069 -’
283 2025 432 2088 oratione
448 2022 646 2111 significetur
659 2044 723 2108 per
741 2023 985 2088 voculationem
1003 2024 1169 2112 aliquanto
1185 2047 1326 2112 suspen·

280 2131 363 2190 sam,
385 2130 415 2174 v.
433 2131 462 2172 c.
485 2106 607 2196 infelix
627 2120 676 2172 est
694 2106 895 2189 Fabricius,
917 2108 1006 2196 quod
1022 2133 1080 2174 rua
1096 2133 1194 2174 suum
1201 2107 1328 2197 fodit?

281 2193 395 2258 Senee.
419 2194 463 2257 de
481 2195 578 2258 Prov.
602 2199 633 2258 3.
677 2191 748 2268 Ne,
786 2195 877 2280 quod
901 2217 965 2282 pm
989 2208 1146 2276 utrumne
1175 2195 1324 2282 ponitur,

279 2278 422 2428 simppiere
448 2289 496 2365 est
525 2278 796 2368 interrogationis.
815 2275 916 2364 noia,
941 2303 1001 2346 nec
1027 2283 1208 2372 quidquam
1235 2281 1323 2346 aliud

279 2365 309 2428 si
352 2365 363 2427 i
390 2373 452 2428 cat'
587 2376 589 2381 '
1227 2387 1230 2392 ·

307 2387 402 2513 gnI'n
424 2448 486 2512 hac
504 2453 588 2516 'vero
613 2449 766 2536 ambigua
788 2449 991 2532 dubitatione
1009 2470 1111 2538 quum
1136 2450 1267 2533 enimus
1282 2471 1323 2514 ex

281 2531 404 2598 duabus
422 2534 521 2598 rebus
537 2557 639 2599 unam
655 2535 773 2627 eligere
788 2545 820 2600 et
836 2536 1116 2624 comprehendere
1131 2536 1253 2615 tendat,
1269 2535 1322 2600 fa-

195 2610 197 2627 '
281 2618 342 2683 cile
359 2619 399 2682 ed
416 2619 553 2684 alteram
569 2631 699 2708 partem
719 2619 871 2698 deflectit,
890 2633 921 2686 et
937 2623 972 2686 in
997 2644 1061 2711 quu
1078 2631 1171 2708 parte
1192 2621 1321 2708 proba-

281 2703 414 2768 bilitatis
437 2706 568 2792 pondus
589 2707 693 2794 magis
720 2717 904 2791 gravescere
927 2709 1032 2789 ridet,
1066 2705 1320 2770 affirmationem

278 2790 331 2855 vel
354 2791 561 2879 negationem
587 2803 662 2859 ante
686 2804 843 2880 occupat,
871 2815 970 2880 quam
994 2794 1038 2857 de·
1054 2793 1188 2861 veritate
1204 2793 1320 2856 decre-

280 2884 354 2940 tum
377 2887 436 2940 est.
485 2877 575 2943 Talis
602 2879 702 2966 igitur
720 2878 932 2966 interrogati-0
956 2879 1094 2943 alterum
1116 2877 1320 2970 probabilius

281 2983 317 3024 ac
332 2983 447 3026 verum
463 2985 530 3028 esse
545 2961 742 3050 praesumit,
762 2965 890 3050 sibique
908 2959 1088 3028 admixtam
1107 2960 1320 3027 habet-affir-
1402 2997 1406 3010 ι

270 3049 459 3111 'mationem
476 3047 528 3112 vel
550 3050 776 3136 negationem,
804 3071 921 3136 quem,
945 3052 1002 3142 qui
1023 3050 1169 3134 quaerit,
1196 3069 1237 3110 ex
1260 3069 1319 3111 sua

280 3133 439 3213 sententia
453 3136 674 3220 propositam,
698 3134 794 3198 etiam
812 3135 851 3198 ab
867 3135 936 3198 aliis
955 3132 1319 3202 confirmatumhabere

275 3215 349 3282 ¹uult
366 3228 398 3281 et
415 3214 593 3304 exspectat.
637 3221 714 3299 Quo
741 3219 874 3306 quidem
889 3219 993 3300 modo
1009 3214 1104 3283 elteri
1119 3218 1207 3305 parti
1254 3239 1318 3280 on·-

279 3302 338 3370 dus
353 3303 593 3390 probabilitatis
612 3305 761 3385 additur,
785 3305 878 3370 alteri
892 3304 1085 3368 detrahitur.
1111 3307 1218 3390 Atque
1228 3239 1318 3366 liene

274 3384 388 3470 iudicii
404 3390 655 3476 occupationem
671 3390 795 3466 Latini,
814 3390 872 3455 ubi
895 3389 937 3453 ad
952 3383 1207 3456 affirmationem
1232 3410 1341 3474 pr0-·
1429 3375 1430 3418 3

277 3475 352 3561 pius
369 3475 544 3554 accedunt,
565 3477 779 3563 prioremque
801 3477 1067 3574 interrogationis
1089 3485 1217 3562 partem
1239 3471 1320 3537 effe-

275 3571 373 3642 runt,
399 3559 500 3626 verbo
516 3583 627 3626 nonne
649 3564 858 3648 exprimunt,
886 3583 954 3625 srve
977 3583 1061 3630 uns
1106 3571 1219 3634 untur,
1251 3561 1319 3623 sive
1429 3599 1430 3614 ,

277 3665 346 3708 non
361 3657 533 3732 sequatur,
556 3654 588 3709 et
604 3647 728 3710 omisso·
743 3645 906 3710 vocabulo
917 3668 1014 3726 ποι»,
1035 3667 1092 3710 ver
1115 3645 1141 3708 is
1157 3667 1200 3709 ne
1212 3680 1256 3694 -
1272 3667 1319 3708 an
1409 3667 1412 3674 ’
1429 3671 1430 3702 i

278 3729 327 3793 vel
342 3751 408 3794 una
418 3753 496 3796 voce
509 3753 570 3794 ne:
594 3730 680 3795 velut
689 3743 844 3816 putasne·
854 3753 908 3794 me
921 3727 1142 3818 hocfeciss'e?
1160 3729 1249 3818 quod
1259 3740 1317 3812 est,

220 3819 224 3834 '
278 3836 320 3878 ex
334 3837 409 3878 mea
426 3816 583 3902 opinione
598 3827 712 3903 putas:
737 3817 824 3878 itane
833 3813 905 3882 est?
926 3814 964 3879 ln
979 3814 1041 3880 hee
1058 3817 1156 3902 igitur
1170 3817 1318 3883 interro·
1429 3855 1430 3900 5

268 3899 407 3988 ‘gatione
424 3901 519 3987 prior
533 3923 608 3987 pars
629 3900 780 3978 effertur,
805 3900 947 3964 secunda
965 3902 1103 3965 recedit:
1126 3922 1226 3988 quare
1242 3899 1319 3988 ple-

273 4005 416 4072 rumque
438 3983 520 4048 haec
543 3985 706 4050 omittitur
731 3986 838 4050 etiam.
888 3987 952 4050 Vbi
975 3998 1084 4052 autem
1107 3985 1318 4075 negationem

275 4079 349 4133 ante
366 4081 559 4158 occupatam
578 4069 719 4150 habent,
742 4081 774 4135 et
791 4082 981 4158 exspectant
995 4071 1087 4154 illud,
1100 4071 1198 4159 ,quod
1215 4092 1318 4156 quae·
1429 4143 1430 4150 ἵ

274 4165 370 4239 runt,
390 4177 461 4221 non
476 4177 566 4245 erse,
579 4157 636 4222 sed
652 4158 758 4244 magis
768 4157 878 4224 valere
889 4158 1028 4222 alterum
1037 4205 1047 4238 ,
1064 4156 1155 4242 quod
1170 4157 1317 4222 secundo
