2858 4750
437 337 663 414 11111111.
713 329 830 412 AGE.
1064 333 1067 347 ’
1091 355 1162 430 ,101
1274 367 1279 409 1

15 453 16 456 Ὺ
118 495 303 648 1111111111.
347 492 437 562 aas.
478 493 581 566 11111
607 495 836 592 uermaarg,
883 499 1182 584 laureacum,

118 605 169 651 Vl&
183 625 194 648 ο
773 635 785 658 ι
1055 638 1057 645 ·

574 771 721 860 AGE.

175 991 176 998 ¹
203 965 256 1032 De
270 967 432 1047 vocabulo
449 985 541 1050 AGE,
566 970 661 1056 quale
676 971 734 1053 sit,
763 981 795 1039 et
812 995 853 1036 an
875 973 1033 1040 adverbiis
1060 995 1166 1040 annu·
1210 980 1212 988 ’
1242 1001 1244 1010 ·

124 1055 245 1118 merari
271 1052 406 1136 debeat,
437 1054 624 1142 ambigitur.
678 1057 843 1122 Gerardus
875 1059 1028 1138 Vossius,
1065 1081 1168 1146 quum

122 1137 211 1224 apud
227 1139 430 1204 Priscianum
453 1139 582 1226 legisset
631 1186 640 1204 .
665 1146 757 1206 1021.
777 1143 850 1230 (15,
872 1148 911 1223 6,
932 1143 999 1231 85.)
1018 1145 1168 1208 hortati-

124 1244 178 1298 va,
203 1223 284 1303 eia,
305 1247 396 1310 age.
426 1163 690 1306 Etuolanditm,
714 1227 803 1314 quod
819 1227 1026 1302 aidetarlmc
1044 1229 1169 1294 adver·
1237 1304 1240 1314 Ι

125 1305 219 1371 bium
242 1308 533 1394 eliamplaralem
558 1309 700 1384 habere,
730 1324 768 1376 ul
791 1313 897 1399 agite.
920 1313 960 1378 de
976 1315 1079 1380 Analo
1104 1360 1113 1378 .
1136 1317 1169 1378 4.

151 1437 160 1455 .
177 1391 254 1457 241.
270 1395 399 1478 negavit
415 1399 482 1458 esse
499 1417 567 1481 age
581 1395 788 1478 adverbium,
818 1397 876 1470 xsed
892 1398 1026 1462 induere
1050 1423 1069 1464 a
1092 1423 1169 1464 ver-

124 1415 171 1542 iii
198 1484 369 1560 naturam,
396 1480 454 1544 ubi
479 1479 599 1566 plurali
624 1481 724 1544 verbo
749 1483 938 1547 sociaretur.
989 1485 1178 1549 Priscianusr

126 1584 281 1672 graecum
300 1585 398 1628 usum
417 1575 588 1652 comparat
613 1589 648 1652 p.
669 1572 760 1631 1170.
780 1571 855 1654 (18,
878 1570 937 1650 21,
963 1569 1049 1654 172.)
1072 1573 1170 1653 δεῦρο,

126 1648 189 1732 alys,
209 1649 289 1731 φέρε,
306 1645 397 1732 dyas,
422 1647 477 1728 ila,
510 1650 605 1736 apud
624 1651 701 1715 illos
723 1652 795 1718 loco
820 1652 973 1718 adverbii
982 1668 1170 1741 ponuntur,

92 1732 96 1750 ’“
127 1733 295 1822 quomodo
312 1734 407 1820 apud
422 1759 482 1800 nos
500 1759 568 1826 age
586 1747 619 1800 et
639 1737 745 1825 agile.
789 1739 881 1803 Dixit
896 1740 996 1826 igitur
1012 1741 1084 1804 loco
1104 1740 1172 1805 ad-

128 1818 246 1885 verbii.
278 1820 409 1885 Servius
425 1820 466 1884 ad
482 1801 588 1906 Vir-gs.
601 1817 681 1885 Aen.
703 1827 743 1902 2,
764 1827 837 1886 707.
869 1847 937 1910 age
964 1837 1079 1889 autem
1103 1825 1173 1890 aaa
1223 1871 1232 1892 .

15 1939 17 1952 =
127 1917 179 1970 est
194 1903 294 1969 modo
311 1904 444 1970 verbum
462 1907 684 1992 imperantiS,
706 1907 767 1972 secl
780 1908 948 1973 hortantis
966 1909 1173 1990 adverbium,

15 2033 16 2036 =
129 1991 218 2057 adeo
234 2001 272 2054 ut
278 1991 477 2082 pleramque
500 2016 583 2080 age
595 1989 747 2080 facite
769 1992 942 2074 dicamus,
964 2005 997 2058 et
1012 1995 1175 2081 singala-

129 2079 203 2141 rem
217 2099 395 2141 numeram
408 2078 599 2162 copulemus
613 2077 758 2163 plurali.
780 2079 961 2149 Prudenter
976 2079 1073 2143 etiam
1085 2079 1174 2143 Cha·
1250 2092 1252 2101 ’

128 2163 245 2244 risius,
267 2161 333 2226 hoe
350 2163 509 2228 vocabulo
534 2167 619 2229 inter
654 2162 808 2228 adverbia.
827 2162 982 2256 lrortandi
1010 2165 1175 2252 apposito,
1193 2197 1219 2266 Ι·

131 2245 222 2311 addit
237 2271 272 2336 p.
289 2253 360 2312 161.
377 2250 533 2335 quamvis
548 2271 632 2336 age
645 2260 678 2312 et
695 2249 774 2336 agi
782 2261 821 2313 te
837 2251 904 2314 aim
920 2249 1071 2316 obtineat
1085 2251 1176 2314 acti-¹

132 2333 167 2398 vi
182 2333 377 2422 imperativi
390 2333 495 2397 modi.
535 2335 648 2420 Neque
664 2353 743 2398 vero
767 2345 901 2420 tantum
913 2359 973 2423 per
988 2336 1177 2400 translatio-

130 2419 184 2484 'nis
204 2419 240 2482 in
256 2419 440 2484 vernaculas
461 2407 586 2504 linguas
609 2419 816 2486 occasionem
832 2419 887 2502 fil,
922 2433 958 2484 ut
977 2420 1053 2486 huic
1079 2443 1176 2486 voca-

15 2547 17 2586 ,
133 2503 214 2566 bulo
247 2527 373 2568 nomen
397 2503 540 2569 adverbii
569 2503 769 2586 tribuamus,
805 2507 862 2569 sed
893 2529 933 2571 ex
956 2507 1090 2594 antiquo
1116 2529 1177 2572 usu

15 2593 17 2602 '
134 2588 304 2671 (dicebant
320 2591 409 2654 enim
425 2613 492 2677 age
507 2591 554 2654 ite
564 2639 579 2671 ‚,
599 2613 666 2677 age
682 2591 929 2678 experiamur),
959 2603 991 2657 el
1009 2616 1066 2678 per
1079 2589 1177 2657 volu-

134 2674 257 2754 bilem,
279 2697 360 2761 quae
380 2674 504 2740 formas
527 2686 652 2756 mutat,
674 2688 825 2740 naturam
848 2679 1009 2740 sermonis
1031 2679 1178 2742 humani.
1213 2701 1216 2709 ¹
1307 2692 1319 2734 ί

90 2824 94 2833 s
139 2761 252 2840 Quare
273 2762 382 2825 nullus
406 2762 467 2826 erit
486 2761 637 2847 ellipseos
652 2761 765 2841 locus,
790 2761 879 2824 cuius
898 2763 1020 2826 auxilio
1039 2763 1180 2826 Boecle-
1277 2779 1279 2782 ·

15 2857 17 2864 “
136 2867 193 2910 rus
217 2846 251 2909 in
278 2846 543 2911 Chrestomathia
569 2845 704 2909 Terent.
723 2844 833 2909 'verba
866 2869 932 2932 age
963 2848 1091 2934 igitur,
1123 2846 1181 2911 ubi

138 2955 228 2996 mum
244 2944 294 2996 est
309 2933 402 3018 ipsam
420 2931 578 3017 explieat:
606 2952 664 3014 age
682 2931 748 2994 hoc
770 2932 959 3017 negotium,
981 2943 1018 2995 ut
1039 2943 1182 3020 respon-

39 3064 42 3069 ,
141 3018 216 3082 deas
231 3017 331 3099 mihi,
351 3018 411 3081 ‘ubi
425 3017 492 3080 siti
520 3039 563 3080 se.
605 3015 663 3080 llle
686 3019 782 3082 etiam
801 3020 913 3080 narrat
933 3017 1075 3081 verbum
1098 3019 1182 3099 „de-
1295 3053 1299 3059 ·

73 3121 76 3126 ·
140 3097 310 3188 generasse
334 3103 369 3166 in
398 3040 631 3167 adverEium‘st
659 3102 715 3166 sed
738 3123 820 3192 quae
850 3103 938 3166 addit
967 3102 1117 3189 reliqua,
1142 3127 1182 3170 ex

140 3197 235 3277 parte
253 3188 385 3274 quidem
415 3189 542 3275 egregie
565 3187 702 3274 probari
725 3197 874 3274 possunt.
916 3187 1098 3274 Equidem,
1124 3189 1183 3253 ubi

141 3297 211 3362 age
230 3268 311 3336 cuin.
329 3273 436 3338 verbis
461 3280 678 3356 construitur,
718 3295 787 3336 non
811 3273 1001 3337 adverbium
1027 3274 1183 3338 nomina-

143 3361 266 3438 verim,
287 3357 343 3422 sed
370 3359 655 3438 coniunctionem,
687 3359 810 3445 quippe
833 3381 915 3446 quae
939 3380 1014 3421 cum
1037 3359 1184 3445 imperas

142 3446 212 3510 tivo
232 3466 302 3507 non
320 3443 383 3509 alio
399 3445 503 3514 modo
520 3442 712 3530 copuletur,
731 3465 830 3530 quam
855 3463 921 3532 quo
941 3444 1076 3508 utinam
1092 3444 1191 3508 addi·
1225 3460 1227 3463 ’

141 3541 198 3594 tur
219 3529 379 3616 optativo·
446 3544 450 3551 '
527 3597 533 3618 .
1066 3551 1069 3556 '

171 3670 176 3674 2
230 3631 298 3711 Qui
314 3631 415 3718 igitur
432 3632 646 3719 imperativus
664 3638 730 3711 est,
751 3647 822 3707 aea
841 3648 933 3690 suam
949 3636 1099 3691 naturam
1115 3629 1188 3714 pri-

144 3715 294 3781 mitivam
310 3726 417 3798 tenet,
442 3719 639 3804 ubicumque
653 3737 713 3803 per
729 3737 763 3777 se
787 3722 913 3779 constat
927 3713 1053 3800 integra
1070 3715 1187 3798 agendi

144 3801 257 3881 notio,
280 3811 336 3865 aut
352 3804 489 3867 nomina
510 3801 652 3912 agendae
675 3799 724 3865 rei
747 3807 970 3888 apponuntur.
1012 3798 1099 3864 Bene
1120 3799 1186 3863 hoc

147 3886 297 3952 distinxit
311 3887 459 3952 Donatus
477 3890 517 3952 ad
537 3889 665 3952 serent.
677 3885 779 3950 Andr.
800 3891 839 3966 3,
861 3885 899 3962 4,
922 3887 975 3948 19.
991 3905 1189 3972 quamquam

147 3995 220 4038 non
235 3984 314 4062 apto
330 3972 427 4054 loco,
449 3973 589 4059 ideoque
607 3970 825 4058 reprehensus
841 3993 860 4032 a
875 3968 1046 4058 Boeelero.
1263 3971 1266 3978 '

263 4095 372 4145 Terent.
389 4093 492 4145 Phorm.
511 4090 546 4154 ³,
564 4089 599 4151 3,
618 4091 643 4144 6.
661 4107 714 4164 age
734 4107 818 4160 erga.-
835 4086 913 4140 solus
928 4105 1036 4166 servare
1053 4085 1124 4141 launa
1139 4105 1191 4162 po.

222 4187 272 4233 tas.
304 4177 456 4242 Phorml,
473 4174 507 4238 d,
525 4171 568 4228 88.
587 4173 639 4232 lior
657 4195 720 4248 age.
751 4173 847 4244 Virgil.
864 4176 928 4228 Aen.
944 4170 979 4238 5,
995 4169 1039 4223 58.
1052 4176 1117 4244 ergo
1133 4175 1194 4243 agi·
1277 4224 1278 4234 ,
