2858 4750
48 1830 51 1838 .
135 1819 145 1836 .
231 1801 304 1842 nus.
324 1778 546 1842 Boccierusin
568 1766 721 1840 omnibus
736 1771 895 1864 exemplis'
912 1775 996 1839 nihit
1010 1777 1041 1839 vi

136 327 142 372 '²
239 333 303 400 204
517 423 522 440 Ι
546 357 547 364 “
708 324 804 392 AGE.

307 496 350 547 te,
374 493 402 538 et
424 481 512 535 cuncti
535 477 698 533 celebremus
722 481 860 534 honorem.
893 482 1001 554 Terent.
1023 479 1102 531 Andr.
1125 477 1159 542 5,
1183 477 1217 542 2,
1235 474 1277 528 25.

305 592 358 644 age
374 589 445 622 nunc
460 567 524 618 ianr.
542 585 610 634 quae
634 585 701 632 nou,
731 577 761 616 ut
779 567 932 617 videbantur
954 567 1071 618 Bentleio
1096 565 1150 634 (ad
1166 564 1277 638 Adeiph.

301 656 335 721 6,
361 652 394 718 4,
423 652 501 720 238,
527 641 669 706 coliaere'ut
695 670 753 702 cum
775 653 853 703 verbo
879 651 1041 715 attendant,
1071 652 1120 702 sed
1144 650 1276 709 Chremes,

303 759 382 812 quum
404 741 518 799 Dromo,
542 756 606 805 quae
622 737 737 799 faceret,
755 737 888 801 iussisset,
916 736 1003 787 addit:
1036 756 1089 808 age
1115 725 1187 789 uuae
1210 737 1275 788 iam.

303 829 320 879 i.
339 845 362 878 e.
388 843 443 874 acan
465 822 566 875 macae.
600 823 643 873 sic
668 823 695 872 in
717 821 837 872 formulis
861 840 932 892 ago,
956 823 1066 893 siquid
1086 825 1158 893 agis.
1192 815 1292 876 Plani(

303 912 376 963 Tria.
393 907 426 970 4,
444 909 478 970 2,
498 907 555 959 139.
574 908 654 958 Stich.
669 904 701 968 5,
721 905 754 969 4,
770 905 812 959 35.
830 925 897 976 age,
914 916 945 957 ut
962 905 1045 976 lubet.
1071 909 1179 978 Terent.
1195 905 1275 955 Andr.

302 997 335 1057 2,
363 981 546 1060 1‚'10.age‚
575 993 670 1042 urvis.
701 973 783 1041 Plautss
806 992 864 1042 Ces.
887 991 920 1053 2,
939 989 972 1053 6,
991 983 1039 1044 53.
1057 1001 1084 1042 et
1104 991 1199 1042 similia
1215 990 1275 1040 alia.

252 1109 257 1114 -
303 1077 408 1143 Mite,
431 1077 463 1141 2,
480 1076 523 1129 33.
545 1072 662 1138 Pere4,
681 1075 713 1138 4,
733 1073 776 1126 58.
801 1076 906 1139 Cas2,
924 1074 958 1138 8,
976 1072 1019 1130 52.
1040 1075 1211 1146 agemodo:
1222 1070 1276 1143 fa·

302 1162 453 1216 bricamim‘.
471 1163 541 1232 qnod
556 1172 596 1212 cst
607 1157 659 1229 fac
673 1159 775 1212 niodo:
792 1159 938 1215 iurmerbr‘n
953 1160 1017 1213 thne
1035 1179 1071 1214 es.
1088 1162 1195 1212 Terent.
1207 1160 1274 1210 Eun.
1352 1159 1360 1166 ’

297 1249 332 1312 2,
352 1247 384 1310 2,
401 1243 444 1296 51.
461 1267 513 1318 age
527 1247 632 1308 modo.-
650 1265 720 1298 auae
738 1242 790 1300 titt
804 1241 1072 1316 paneadensem.

234 1350 297 1414 Sed
315 1350 371 1413 ubi
391 1349 574 1436 simplicem
598 1347 761 1413 excitandi
786 1347 835 1412 vel
857 1347 1054 1412 adhortandi
1078 1345 1129 1412 vel
1153 1367 1274 1410 conce-

233 1437 331 1499 dendi
349 1435 604 1522 et'corripiendi
627 1433 897 1522 significationem
923 1432 1072 1512 exhibet,
1102 1455 1169 1520 nge
1192 1455 1273 1496 con-

230 1522 408 1585 iunctionis
424 1521 499 1588 loco
526 1520 681 1608 ponitur,
705 1521 845 1607 ideoque
869 1519 998 1583 additur
1023 1530 1055 1582 et
1076 1519 1272 1605 imperativo

213 1618 265 1693 ¹et
292 1607 518 1683 coniunctivo,
548 1606 681 1692 aliisque
706 1607 840 1670 inservit
861 1605 1169 1668 constructionibus.
1212 1606 1273 1668 At-

136 1704 138 1712 ’
172 1715 175 1724 ’
233 1715 295 1778 quc
311 1692 399 1754 huno
417 1713 513 1754 usum
528 1712 615 1754 nune
631 1691 869 1762 describamus,
893 1692 982 1760 cuius
1005 1691 1128 1839 triplex
1144 1701 1192 1752 est
1212 1713 1272 1777 ge-

1067 1787 1096 1840 et
1111 1775 1176 1839 nisi
1192 1798 1272 1839 ora·

230 1864 328 1926 tionis
345 1863 645 1949 complementum,
671 1864 760 1951 quod
774 1864 847 1950 ipso
866 1883 928 1925 usu
951 1863 1048 1925 decus
1069 1872 1101 1925 et
1125 1863 1191 1926 vim
1209 1861 1279 1928 ha·.

231 1949 309 2012 bere
331 1950 494 2036 coeperit,
524 1951 736 2013 asseverando
756 1949 970 2026 sententiam,
1004 1948 1056 2012 eui
1079 1947 1269 2012 subserviat.

228 2037 336 2120 Atque
350 2041 387 2097 re
406 2057 479 2097 vera
499 2057 595 2121 saepe
618 2057 689 2098 non
708 2046 843 2122 augetur
866 2034 974 2098 addita
988 2034 1050 2096 hac
1071 2033 1187 2097 vocula
1206 2056 1269 2097 nu-

228 2142 338 2184 merus
354 2121 549 2198 notionum,
578 2121 634 2182 sed
656 2121 853 2206 exprimitur
875 2142 987 2184 sensus
1010 2130 1042 2182 et
1065 2119 1166 2183 animi
1189 2118 1269 2192 afle-⁴

146 2219 150 2224 ’
228 2217 315 2282 ctas,
339 2205 390 2266 vet
406 2205 440 2267 in
457 2205 621 2269 sermonis
646 2207 799 2288 decursu,
821 2205 872 2270 vel
895 2223 957 2294 per
976 2207 1025 2270 rei
1048 2207 1269 2293 praesentiam

228 2300 427 2355 commotus.

308 2390 334 2455 Ι.
369 2380 410 2454 ’1.
442 2393 628 2488 Vsurpatur
650 2391 749 2478 igitur
769 2410 841 2458 AGE
863 2393 897 2457 in
925 2413 1132 2482 quacumque
1148 2411 1267 2455 evoca-

134 2489 135 2494 ’
226 2476 317 2540 tione
334 2487 365 2538 et
385 2475 612 2540 adhortatione
633 2477 854 2542 vehementius
879 2490 911 2543 et
931 2483 1089 2546 instanter
1114 2499 1283 2565 pronum.

226 2562 317 2624 tiata.
360 2561 578 2648 Coniungitur
603 2582 678 2624 cum
701 2563 895 2650 imperativo
923 2577 955 2628 et.
980 2564 1190 2651 coniunctivo
1213 2585 1268 2626 se-

228 2647 352 2710 cundae
373 2657 404 2710 ct
419 2647 534 2710 tertiae
550 2651 729 2733 personae,
753 2659 876 2714 etcum
894 2650 1062 2728 infinitivo¹
1081 2649 1267 2736 imperativi

193 2735 197 2748 '
226 2727 323 2810 loco,
344 2743 379 2794 ut
397 2733 513 2797 Graeci
530 2733 656 2813 solent,
679 2735 800 2821 posito.
844 2737 946 2824 Saepe
963 2736 1117 2802 adhaeret
1130 2744 1268 2798 occaect

116 2863 129 2874 κ
226 2819 315 2897 ium,
334 2817 422 2905 quod
439 2819 543 2884 critici
559 2841 633 2891 eum
649 2821 772 2901 verbis,
795 2843 875 2908 quae
892 2833 1092 2910 sequuntur,
1109 2820 1267 2885 cohaere-

225 2925 262 2967 re
279 2905 546 2991 interpunctione
572 2915 697 2972 notant.
744 2907 879 2980 Sedaut
894 2909 956 2972 ista
971 2907 1128 2974 vocabula
1143 2905 1266 2992 signifi-

75 2995 89 3020 *
127 3002 129 3007 ’
226 2989 348 3055 cantiae
368 3012 477 3056 caussa
494 2990 602 3056 addita
618 3001 694 3072 sunt
713 2992 811 3055 verbo
829 3015 916 3080 nge,
943 3005 997 3057 aut
1013 2993 1169 3056 orationis
1187 3015 1265 3078 par-

205 3077 207 3081 ’
224 3085 272 3138 tes
288 3076 333 3140 ita
353 3086 489 3146 coeunt.
515 3085 551 3138 ut
569 3078 706 3140 omnino
722 3077 811 3140 nulla
830 3101 913 3164 opus
929 3081 970 3144 sit
985 3080 1265 3166 interpunctione.

224 3159 344 3224 Errant
360 3183 457 3238 vero,
479 3161 584 3248 quiin
601 3160 666 3225 hoe
683 3162 843 3228 vocabulo
870 3164 938 3227 vim
965 3169 1127 3252 quaerunt
1149 3186 1265 3230 conse-

198 3331 201 3339 1
225 3245 410 3333 quativam:
433 3268 480 3343 ³ea
503 3245 591 3311 enim
615 3247 682 3311 istis
704 3247 809 3340 verbis
827 3251 1031 3332 continetur,
1060 3273 1142 3338 quae
1169 3271 1265 3337 saepe

224 3332 406 3410 adduntur,
431 3351 531 3418 ergo,
554 3333 644 3411 iem,
665 3333 784 3422 igitar.

227 3487 233 3499 .
326 3453 402 3506 Cant.
422 3453 523 3506 Servius
545 3453 578 3508 ad
599 3454 693 3528 virgil.
712 3457 776 3510 Aen.
802 3453 836 3522 3,
861 3443 924 3512 362.
959 3456 1078 3509 Donatus
1101 3455 1134 3508 ad
1155 3455 1264 3506 Terent.

288 3539 391 3594 Pharin.
412 3536 492 3602 1,4,
513 3535 556 3594 53.
585 3563 587 3568 ’
783 3559 789 3566 ·
853 3553 858 3568 ’
964 3545 968 3552 ’

254 3667 256 3676 a
322 3641 404 3696 Plani.
428 3641 485 3696 Mil.
507 3641 594 3709 gl..2‚
614 3638 649 3703 3,
668 3637 711 3696 64.
739 3659 792 3714 ege
810 3639 890 3714 face.
924 3643 1001 3698 Pocn.
1024 3641 1058 3708 3,
1083 3639 1117 3708 5,
1141 3641 1185 3698 39.
1210 3661 1264 3713 age

207 3775 213 3782 ,
289 3727 540 3790 amterminum,
568 3723 707 3796 furcifer,
735 3730 912 3798 ararsapinm.
934 3729 1006 3780 Asia.
1026 3725 1063 3792 4,
1091 3727 1123 3792 1,
1149 3725 1174 3780 5.
1200 3747 1263 3798 age,

289 3827 407 3884 quaeso,
428 3815 482 3872 mi,
505 3812 757 3880 aercletramtegc.
792 3814 1006 3867 Taenaueaut.
1031 3812 1065 3876 2,
1083 3811 1116 3876 3,
1135 3811 1177 3864 91.
1200 3831 1262 3882 age,
1346 3843 1350 3850 -

289 3893 423 3966 ageeedo
438 3885 598 3954 incantantia
614 3898 769 3952 consilium.
815 3899 896 3948 Plaut.
914 3899 971 3950 Ges.
993 3899 1027 3961 2,
1045 3900 1078 3960 2,
1096 3897 1140 3951 38.
1158 3915 1262 3968 appro-

286 3998 354 4052 pera
369 3995 437 4072 age,
454 3979 564 4036 amabe.
599 3983 652 4040 cic.
675 4003 701 4052 p.
724 3971 803 4036 Rosa.
823 3985 878 4036 Am.
901 3981 949 4049 163
967 3980 1011 4036 48.
1030 4001 1084 4054 age
1097 4002 1170 4034 nunc
1187 3978 1263 4052 refer

286 4066 426 4128 animum,
453 4067 507 4129 sis,
532 4067 570 4122 ad
588 4069 742 4125 veritatem.
786 4070 895 4124 Terent.
918 4069 1021 4120 Phorm.
1042 4064 1075 4130 5,
1091 4066 1125 4131 3,
1145 4067 1189 4122 28.
1209 4086 1263 4139 age

281 4148 350 4220 fiat.
384 4151 478 4204 fleant.
496 4149 530 4216 5,
548 4153 580 4222 1,
598 4152 641 4210 75.
659 4172 713 4228 age
729 4155 798 4218 ianr,
820 4173 932 4208 uxorem
956 4164 986 4206 ut
1012 4164 1149 4215 accersat,
1171 4165 1261 4226 paret.
