2834 4756
463 323 677 427 '.ATQvn.·
703 348 770 412 rc.
974 343 975 346 ‘
1082 347 1146 416 irs

108 495 165 589 qui
180 501 283 580 aliena
307 489 586 586 argumentatione
601 502 704 600 magis
726 520 826 587 quam
846 503 1045 587 argumentis
1063 522 1143 568 usus

107 597 175 666 est,
198 584 447 659 Ramshornius.
495 583 547 658 llli
567 585 678 656 multis
699 586 734 656 in
750 586 830 650 locis
846 586 1027 664 consentire
1044 587 1143 654 codi-

109 695 160 736 ces
177 671 298 750 dicunt,
313 681 433 758 etpost
452 667 621 744 nlia'verba
636 671 670 734 in
690 671 716 738 C
733 671 1046 738 exeuntiavoeale'm
1068 695 1142 736 sae·

93 753 149 844 *pe
165 757 322 845 reperiri,
343 755 443 830 veluti
457 778 517 830 nec
534 754 632 830 rullus,
647 755 712 828 lenc
726 757 807 830 ,iiiuc
830 766 863 820 et
886 766 963 844 post
979 756 1142 820 simulac.-
1236 767 1237 770 ’

108 842 168 906 etsi
183 851 288 906 essent
307 841 495 928 scriptores,
520 841 576 926 qui
600 849 788 922 constanter
803 840 1002 916 abstinerent
1018 842 1057 904 ab
1077 841 1160 911 hoc.

105 948 187 1003 usu,
207 929 317 998 tamen
352 947 396 996 ¹ro
411 925 522 1010 regula
537 926 571 996 id
586 944 771 1009 numquam·
784 923 881 994 luisse
902 924 1066 1002 habituma
1088 925 1156 991 hic'

107 1009 197 1076 addit
213 948 368 1096 exempla·
381 1032 423 1072 cx
439 1008 718 1096 inscriptionibus.
760 1009 853 1088 Quae
869 1020 956 1074 utre
981 1010 1142 1086 rebraret,

107 1116 151 1160 nu
178 1095 298 1167 errime
326 1093 538 1170 frotscherns
563 1094 745 1166 Excursum
763 1091 906 1180 ‘scripsit
925 1033 978 1162 ad
987 1095 1144 1174 Quinctil.

106 1118 195 1250 Lidi.
216 1180 294 1252 Dec.
309 1202 343 1266 p.
360 1183 441 1248 257:
452 1180 487 1242 in
503 1199 570 1266 quo
588 1187 621 1242 et
639 1198 772 1267 parvam
787 1200 855 1254 esse
872 1171 1013 1254 ostendit
1029 1191 1145 1254 aucto·
1234 1228 1236 1235 -

56 1267 59 1278 '
107 1264 240 1328 ritatem
254 1265 522 1350 inscriptionum,
574 1283 690 1328 uarum
708 1263 831 1340 deinte
874 1262 1146 1340 'tatenoiideniq

107 1347 156 1414 hil
174 1341 318 1428 edisset,
342 1359 446 1424 ntea,
466 1370 547 1436 quae
592 1347 799 1416 umshornius
813 1283 881 1418 agar

107 1443 163 1500 aut
176 1431 262 1498 rnal‘e
279 1433 441 1517 descripta
459 1455 546 1516 esse,
567 1443 640 1582 uim
654 1433 754 1498 inhia
769 1433 867 1497 rebus
883 1432 950 1518 peti
965 1453 1148 1520 uoniposso

108 1529 336 1606 argumentum
354 1540 525 1584 enumero
547 1541 587 1583 oo
613 1519 700 1588 icum
718 1530 750 1582 et
764 1520 804 1582 ab
829 1517 1026 1594 editionibus
1040 1519 1146 1604 negli-

107 1614 222 1692 genter
236 1601 408 1668 cnnfeetis:
433 1627 510 1671 nam
528 1623 629 1669 unum
650 1603 772 1668 librum
794 1603 832 1668 ad
852 1603 1148 1681 demonstrandum

108 1707 255 1754 errorem
271 1686 431 1766 sullicere,
453 1700 485 1753 et
499 1689 592 1760 locos
606 1688 758 1753 nondum
773 1699 942 1754 correctos
958 1699 1148 1776 exspectare

108 1795 202 1840 suem
219 1774 500 1849 emendationem:
525 1772 665 1860 denique
681 1772 850 1840 insuavem
868 1775 934 1838 oris
948 1774 1147 1847 blaternas-

108 1869 211 1938 teres‚
242 1859 300 1924 ubi
323 1859 451 1938 liceret,
483 1859 625 1925 studiose
644 1861 811 1942 evitasse,
828 1860 875 1932 ,in
900 1859 1058 1934 vocabule
1081 1859 1148 1930 laun

111 1943 230 2010 evitare
245 1966 312 2012 non
335 1945 501 2034 potuisse,
530 1944 564 2009 in
581 1967 641 2010 nec
659 1955 734 2008 ante
756 1943 904 2016 vocalem
927 1946 1038 2032 pesile
1058 1942 1150 2017 mni-

27 2057 33 2084 1
109 2031 184 2096 lieri
196 2052 280 2094 sono
296 2039 507 2117 temperasse.
552 2029 682 2110 Scilicet
706 2040 855 2102 auctores
870 2028 1063 2116 depravatae
1080 2027 1148 2102 ele-

109 2117 256 2214 gantiae,
283 2125 405 2202 etpost
420 2137 476 2178 eos
500 2114 626 2188 indocti
642 2115 766 2190 iibrarii
788 2117 935 2190 animum
959 2137 1054 2190 suum
1077 2135 1148 2188 non

858 1350 930 1428 ert,¹
955 1357 1010 1420 nat
1033 1351 1169 1437 eenria'
1247 1375 1250 1396 ³

111 2201 150 2265 ad
167 2199 255 2266 hunc
272 2222 401 2266 morem
422 2202 571 2280 omniurn
594 2199 762 2282 bonorum
785 2204 982 2289 scriptorum
1000 2199 1149 2286 applica·
1255 2261 1257 2270 .

109 2295 204 2362 runt,
225 2308 286 2353 nec
302 2282 424 2360 mirem
443 2285 507 2349 hoe
528 2286 678 2358 videturtf
705 2295 737 2357 at
754 2286 1044 2370 grammnticorum
1059 2294 1149 2358 rete-

108 2392 184 2436 rnm
200 2372 368 2444 neminem
383 2371 423 2434 de
441 2369 499 2435 h'ae
516 2394 551 2446 re
563 2371 987 2460 ,distinctius'praecepisse‚
1012 2371 1047 2474 id
1064 2391 1151 2466 pro·-

108 2453 198 2522 fecto
224 2455 336 2530 mirari
358 2455 444 2542 lieet.
493 2455 710 2538 Schwartuius,
741 2456 776 2531 in
805 2457 1013 2530 Monument·
1039 2477 1148 2546 tugen·
1200 2524 1203 2531 ,
1263 2521 1265 2526 2

108 2542 151 2606 T.
170 2539 198 2606 i.
224 2563 254 2630 p.
281 2541 353 2616 148.
381 2553 412 2607 et
435 2542 474 2608 ad
499 2541 677 2616 Tursellin.
696 2541 949 2629 negligentiores
972 2543 1006 2611 in
1023 2540 1090 2618 ,lrao'
1113 2561 1150 2612 re
1237 2583 1241 2591 ι
1344 2557 1346 2566 ’

109 2625 360 2722 fuisse'putebat
375 2628 589 2702 Suetonium,
614 2627 746 2702 Celsum
764 2639 797 2691 et
813 2628 903 2703 alios.
953 2626 1150 2700 Suetonium
1251 2631 1254 2646 '

109 2723 220 2779 autem
236 2711 275 2782 ab
293 2711 352 2776 hec
369 2713 557 2810 suspicione
578 2712 740 2784 vindicare
758 2725 895 2784 conatus
913 2713 1150 2776 csanrrnann.

112 2797 152 2864 ad
168 2799 257 2870 Caes.
273 2801 324 2862 27.
341 2807 372 2860 et
392 2799 431 2872 ad
447 2797 549 2892 Celig.
567 2802 619 2876 &3
641 2797 674 2859 in
699 2795 784 2860 Celsi
800 2798 880 2863 locis
896 2796 1047 2882 plurimis
1062 2796 1150 2868 anti·
1196 2871 1197 2876 γ

111 2905 195 2971 quae
211 2881 519 2966 editionesmeliora
536 2879 710 2957 exhibent,
733 2877 817 2963 cti„
841 2886 892 2956 10.
911 2877 1151 2954 restituendum

111 2979 160 3034 est
185 2967 252 3042 velt¹
284 2991 325 3032 ee
346 2988 447 3052 snper
469 2987 593 3058 qrrnque
616 2976 705 3032 reete
730 2965 900 3052 quaedum
930 2966 1152 3055 malagmate

111 3053 313 3128 iniicz‘nntur-
329 3051 379 3122 vel
395 3061 494 3138 atquc
511 3051 647 3136 insuper
662 3073 806 3136 qnoque:
827 3050 866 3114 de
883 3070 950 3134 quo
967 3049 1063 3124 inira.
1100 3048 1152 3122 De

113 3139 270 3210 Cicerone
288 3148 320 3200 et
336 3137 471 3210 Caesare
494 3134 685 3212 iamdudum
703 3125 760 3198 viri
776 3136 863 3205 docti
885 3135 1031 3201 dubitare
1045 3133 1153 3204 desie-

110 3234 218 3304 111111,
233 3245 274 3294 ne
290 3221 473 3309 imperitiae
492 3221 629 3294 nomine
645 3245 663 3283 a
679 3219 808 3296 Wolfio
826 3220 864 3293 ad
883 3220 972 3291 Suet.
990 3221 1080 3288 Caes.
1099 3221 1153 3286 263

112 3309 201 3384 irrisi.
220 3308 423 3380 viderentnrs
450 3307 489 3380 de
512 3305 594 3382 Livii
620 3326 679 3379 usu
703 3305 877 3392 disputavit
898 3301 1153 3378 Drakenborch.

112 3395 137 3462 l·
152 3395 176 3468 1.
220 3393 272 3463 Ex
288 3393 325 3463 iis
345 3414 438 3476 vero,
463 3414 545 3478 quae
573 3391 663 3464 nullo
690 3389 794 3464 adhuc
817 3391 976 3464 librorum
995 3386 1154 3467 subsidio,
1241 3453 1244 3470 ,

112 3479 171 3552 aed
185 3487 320 3552 tanturn
334 3479 373 3550 dc
390 3477 575 3552 coniectura
592 3476 713 3560 corrigi
727 3486 881 3561 poterant
891 3479 906 3549 ,“
925 3477 1003 3540 hacc
1018 3472 1155 3551 notabo,

112 3564 265 3648 reliquis,
295 3562 329 3635 in
374 3562 467 3635 uibus
493 3555 731 3633 liamshornins
755 3572 786 3624 et
806 3561 857 3637 alii
883 3563 983 3634 libros
1005 3557 1155 3630 nondum

113 3647 307 3720 emendatos,
321 3648 361 3716 ad
387 3647 558 3728 spuerunt,
581 3648 892 3739 quaemultasciat,
915 3644 1054 3722 omissis.
1087 3643 1155 3714 Cio.

112 3735 153 3800 ad
171 3735 237 3810 Ait.
258 3737 315 3810 13,
336 3734 390 3798 48.
413 3755 457 3806 aa
470 3756 507 3802 ee
518 3732 716 3822 properavi.
738 3733 778 3812 4,
804 3737 861 3807 16,
883 3738 913 3795 6.
934 3729 1092 3804 libertum
1112 3751 1154 3794 ac

8 3833 9 3836 ’
114 3840 304 3886 accensum.
335 3816 392 3892 ubi
415 3817 580 3900 Ernestins
600 3817 752 3906 copulam
775 3816 910 3892 delevit,
936 3815 1106 3891 Seliiitaius
1123 3823 1156 3884 ct

112 3905 265 3990 scripsit.
286 3901 366 3976 illud
391 3923 504 3972 uerum
528 3913 562 3966 et
585 3905 623 3972 ab
650 3904 726 3968 edit.¹
756 3903 854 3979 Rom.
886 3892 1156 3986 lamentantem.

113 3991 153 4054 ad
174 3987 289 4068 Quint.
305 3993 343 4068 2,
366 3993 396 4050 6.
419 3987 522 4053 simul
544 4010 586 4071 ac
608 3987 665 4052 ille
682 3990 817 4064 venerit.
861 3985 959 4059 Tusc-
979 3993 1016 4060 2,
1042 3987 1081 4064 5,
1106 3989 1156 4048 13.

109 4069 305 4164 fatrumque
335 4069 422 4146 illud
454 4095 496 4146 nc
525 4071 693 4157 improbe:
734 4071 825 4159 quod
854 4072 1002 4144 Muretus
1030 4068 1158 4158 egregie

115 4159 314 4234 emendavit.
350 4161 480 4223 Locum
499 4155 592 4222 Varr.
616 4157 655 4222 de
676 4160 772 4244 Ling.
799 4158 855 4224 lat.
878 4163 917 4240 8,
943 4165 971 4223 1.
994 4156 1051 4220 ubi
1074 4152 1158 4240 legi-

114 4257 171 4309 tur
195 4247 237 4309 dc
257 4241 357 4322 inde,
379 4265 479 4311 nemo
501 4243 682 4309 non-ridet
711 4255 903 4331 corruptum
935 4265 1015 4306 esse.
1041 4240 1109 4306 Liv.
1125 4243 1158 4306 8.
