2866 4754
134 383 140 414 .
227 329 334 420 ’1111
745 319 837 418 111.Ι

261 503 338 571 dem
352 485 531 588 1111111111,
562 525 662 592 quam
681 494 858 571 O'relliusf‘
899 501 967 568 Nec
989 511 1100 592 potest
1113 489 1306 593 comparari

261 592 376 658 Horat.
402 592 471 676 Sat.
495 597 532 672 1,
555 591 594 680 4,
618 590 691 656 124.
719 590 788 658 siue
812 577 966 671 vetabat,
996 611 1044 654 an
1072 590 1305 656 6111111111-

260 687 352 740 stum
378 687 412 742 et
441 675 563 740 inutile
582 672 721 764 suetum
752 697 855 741 neone
887 674 952 753 sit,
991 673 1186 762 addubites.
1219 697 1306 762 quae

261 759 472 832 Heindorlius
487 783 558 827 non
572 760 743 826 intellexit.
786 762 871 826 Sunt
892 761 982 826 enim
1005 760 1066 824 ista
1080 759 1181 826 verba
1196 781 1215 825 e
1229 783 1306 826 ser-

262 867 365 913 mone
386 846 610 935 praeeeptoris
640 846 813 935 desumpta
843 865 994 932 nexaque
1023 843 1092 910 aliis
1122 845 1180 927 iis,
1219 867 1307 932 quae

264 933 473 998 omittuntur.
513 933 572 998 Au
588 930 684 997 estid
700 932 790 1019 quod
806 942 867 996 aut
882 940 976 995 extra
996 930 1307 1019 interrogationem.

265 1016 494 1104 vertendaque
513 1015 593 1082 hacc
616 1027 692 1082 sunt
717 1017 801 1084 oder
817 1012 984 1166 'sweffelat
1006 1014 1073 1079 du.-
1089 1014 1136 1082 ‘de
1157 1037 1226 1103 quo
1241 1037 1306 1083 usu

263 1101 358 1168 deinc
402 1125 427 1167 s.
468 1101 576 1168 Nemo
602 1104 703 1193 igitur
723 1125 812 1178 nunc
834 1103 870 1168 in
914 1099 1108 1184 iclionibus,
1132 1103 1237 1190 qualis
1254 1114 1306 1170 est

263 1189 332 1254 Cio.
388 1209 444 1277 op.
470 1190 529 1271 16,
558 1189 613 1256 69.
645 1187 766 1255 beatos*
788 1184 920 1276 efficiat
949 1209 1055 1257 necue
1075 1187 1151 1252 solu
1167 1211 1235 1276 per
1257 1213 1314 1272 se,-

261 1273 415 1362 quaertin
429 1281 489 1350 eat.
512 1295 589 1338 cum
602 1274 751 1340 Meinero
766 1271 987 1424 supplendum
1002 1273 1147 1366 censebit
1165 1297 1213 1338 ave
1223 1271 1304 1370 effi-

262 1359 345 1424 ciat.
389 1359 477 1442 llaec
495 1369 611 1442 tamen
626 1361 725 1425 etiam
743 1360 797 1424 Ou
821 1357 1003 1446 endorpius
1021 1358 1134 1423 docuit
1149 1358 1190 1424 ad
1204 1361 1305 1428 Hirtii

259 1443 299 1510 B.
314 1444 384 1510 An.
399 1449 440 1527 8,
461 1447 493 1510 4.
536 1443 574 1509 11
590 1444 738 1522 Laetant.
755 1445 795 1510 de
809 1443 862 1510 lra
878 1443 931 1509 dei
951 1448 1009 1524 16,
1031 1449 1062 1508 9.
1082 1443 1218 1531 legiturs
1246 1446 1304 1510 in-

260 1530 363 1594 terim
379 1527 493 1612 deiru
509 1531 730 1620 explicemus,
751 1554 799 1596 un
818 1530 864 1594 sit
888 1528 1007 1618 eliqua
1023 1529 1061 1592 iu
1077 1528 1159 1611 deo,
1189 1541 1305 1595 istrum

260 1613 350 1680 uiuit
371 1626 464 1680 curet
487 1616 641 1692 omnino,
662 1639 724 1682 nec
745 1625 920 1683 nwveerur
941 1613 991 1678 ud
1011 1636 1072 1688 eu,
1089 1635 1175 1700 quae
1196 1615 1304 1702 impie

260 1711 441 1788 geruntur.
465 1701 558 1848 iim
574 1700 638 1766 dici
682 1703 761 1766 ossit
781 1723 828 1772 111
850 1734 892 1750 -
913 1710 1027 1764 utrum
1048 1720 1114 1786 pro
1133 1710 1248 1764 utrum
1261 1737 1306 1750 -

263 1807 323 1849 an.
369 1785 474 1850 uoda
498 1785 648 1850 surdum.
700 1809 796 1852 amen
813 1785 1049 1851 Biinemannus
1064 1783 1104 1848 de
1117 1783 1305 1852 inversione

262 1807 421 1958 loquiiur.
462 1871 505 1934 At
521 1871 617 1938 verba
630 1871 685 1936 1111
698 1885 812 1938 utrum
832 1870 922 1936 nisit
943 1880 1038 1934 curet
1059 1879 1121 1934 etc.
1145 1891 1214 1936 non
1237 1873 1304 1936 La-

190 2021 194 2025 ,
261 1956 402 2020 etantius
421 1956 568 2044 scripsit,
589 1958 647 2022 sed
661 1957 814 2024 librarius
830 1957 867 2021 in
881 1953 960 2022 libri
977 1954 1145 2042 margine,
1165 1955 1254 2024 unde
1269 1957 1305 2022 in

259 2048 391 2106 textum
405 2051 539 2130 recepta
551 2053 641 2107 sunt.
1148 2055 1153 2068 '

248 2201 251 2208 ι
345 2131 397 2191 10.
435 2126 509 2190 Vim
534 2127 746 2193 dubitativam
769 2095 922 2193 vocabuli
952 2147 1000 2188 an
1026 2121 1184 2188 exhibent
1205 2123 1305 2204 verba

261 2229 337 2279 eom
366 2211 448 2277 osita
459 2207 677 2310 fortassean,
697 2210 865 2298 forsitan,
887 2207 1061 2295 dequibus
1077 2227 1138 2273 suo
1153 2208 1232 2275 loco
1252 2208 1305 2275 di·
1416 2231 1417 2270 l

260 2316 322 2360 een
346 2316 404 2360 um
421 2305 493 2361 erit.
1038 2336 1042 2346 ·
1301 2315 1304 2321 ’

315 2455 318 2460 ,
346 2388 397 2462 11.
430 2377 631 2447 P'eeuliarem
646 2403 745 2452 usum
763 2380 887 2446 habent
905 2377 1073 2445 formulae
1094 2394 1219 2444 nnsc1o
1243 2395 1303 2460 nu,

261 2479 359 2560 unvn
377 2459 453 2530 scio
470 2483 538 2545 nra,
560 2467 600 2532 de
615 2468 733 2565 quibus
748 2467 873 2531 mirum
877 2487 996 2615 bguam
1013 2463 1111 2529 multi
1134 2485 1303 2550 gramma-

260 2556 318 2610 1111
332 2551 436 2614 multa
454 2562 486 2616 et
500 2550 588 2618 varia
604 2552 835 2618 disseruerunt.
911 2573 948 2614 os
972 2572 1029 2614 eos
1042 2559 1173 2613 tantum
1188 2548 1303 2612 nomi-

215 2675 217 2687 ·
259 2630 432 2716 nubimus,
452 2638 590 2724 quinon
617 2639 857 2726 acquiescentes
884 2636 921 2701 in
944 2633 1160 2722 congerendis
1186 2655 1302 2698 exem-

259 2717 345 2806 plis,
367 2741 510 2806 quorum
523 2723 638 2808 ingens
654 2734 703 2788 est
717 2742 894 2802 numerus,
915 2720 1037 2785 iudicio
1052 2717 1104 2783 usi
1114 2728 1206 2782 sunt.
1239 2721 1302 2782 At·

261 2823 326 2889 que
340 2803 509 2875 Manutius
525 2809 653 2896 primus
671 2809 810 2889 exstitit,
833 2807 889 2906 qui
904 2807 945 2870 ad
961 2806 1028 2870 Cic.
1044 2804 1148 2892 Epist.
1168 2807 1200 2884 6,
1219 2807 1251 2867 7.
1270 2808 1301 2884 9,

260 2893 294 2953 9.
316 2893 348 2972 9,
374 2891 424 2957 14.
447 2892 736 2976 animadverteret,
762 2915 876 2958 neaczo
893 2915 938 2956 un
965 2890 1014 2956 ele
1037 2901 1129 2954 anter
1152 2888 1217 2955 dici
1261 2909 1300 2954 ro

258 2971 413 3040 fortasse.
454 2977 542 3042 Eum
558 2981 686 3064 sequuti
709 2989 784 3043 sunt
806 2977 937 3059 Batavi,
969 2975 1023 3040 Du
1051 2995 1124 3040 erus
1147 2974 1187 3038 ad
1251 2995 1300 3040 or.

259 3061 382 3142 8,12‚
405 3065 437 3125 6.
460 3061 714 3128 Drakenborch.
733 3059 772 3128 a'd
788 3064 858 3126 Liv.
877 3066 937 3141 87,
962 3062 1022 3134 64,
1046 3064 1097 3124 16.
1120 3059 1300 3124 Burmann.

261 3142 302 3206 ad
324 3144 482 3224 Quinctil.
502 3147 581 3213 Inst.
600 3154 657 3230 12,
680 3155 731 3214 11.
753 3171 787 3235 p.
805 3151 900 3212 1108.
920 3145 1104 3230 8111111113.
1128 3143 1168 3208 ad
1187 3143 1300 3210 Senes.

260 3228 423 3295 Controv.
450 3223 490 3313 1‚‘
509 3238 541 3297 2.
562 3256 595 3320 p.
611 3238 664 3298 86.
707 3233 855 3298 Davisius
880 3231 920 3297 ad
942 3232 1010 3295 Cic.
1031 3229 1071 3294 de
1093 3231 1139 3295 Le
1162 3275 1171 3294 .
1196 3235 1226 3308 1,
1248 3235 1301 3311 21,

258 3314 314 3380 66.
337 3315 515 3404 Wopkens
532 3317 567 3381 in
583 3318 672 3382 Lect.
690 3318 782 3383 Tull.
824 3318 901 3384 .86.
947 3315 1104 3382 Germani
1126 3337 1149 3402 p
1173 3313 1301 3402 Jlologi,

259 3421 337 3466 suae
351 3400 485 3492 linguae.
498 3404 687 3495 vernaculae
702 3425 763 3468 usu
786 3341 863 3468 dirce
891 3402 931 3476 ti,
963 3411 1018 3464 aut
1041 3422 1088 3480 un
1103 3422 1167 3487 pro
1186 3422 1302 3464 onnon

258 3489 406 3572 positum
421 3510 491 3566 esse
508 3488 755 3564 existimabant,
779 3499 816 3551 ut
882 3484 1084 3551 osterhovius
1102 3484 1143 3549 ad
1165 3483 1300 3548 Terent.

258 3571 362 3635 Andr.
379 3579 419 3654 3,
441 3579 481 3656 2,
499 3573 552 3638 45.-
573 3573 688 3654 11114,
711 3575 751 3654 6,
777 3579 830 3639 88.
855 3583 908 3637 aut
930 3572 1090 3634 omissum
1110 3593 1180 3634 nou
1202 3569 1301 3634 intel-

259 3653 317 3740 ligi
338 3657 474 3740 debere,
505 3669 543 3721 ut
565 3659 727 3723 Gesnerus
750 3659 785 3722 in
810 3657 996 3722 Chreslom.
1020 3656 1089 3720 Cic.
1140 3697 1149 3718 .
1174 3660 1302 3720 29811

259 3742 451 3887 nuperrime
479 3742 580 3808 Micb.
607 3743 771 3808 Weberus
794 3743 829 3806 in
846 3740 997 3828 Symbol.
1027 3740 1067 3804 ad
1130 3759 1212 3804 ram.
1244 3739 1308 3803 lat..

257 3823 307 3888 Ha

146 3955 149 3959 -
258 3907 343 3973 dicat
365 3909 421 3973 ille
436 3912 600 3984 Gesnerus
625 3914 665 3977 ad
689 3913 772 3976 Plin.
786 3911 849 4000 Ep.
866 3912 905 3992 4,
922 3915 987 3992 11,
1009 3914 1041 3974 8
1066 3909 1155 3990 Atii,·
1174 3909 1298 3976 diversa

257 3994 409 4082 exempla
429 3996 485 4086 *ad
511 4018 611 4062 unam
647 3996 792 4062 formam
830 3996 977 4082 redigere
1007 4016 1079 4059 non
1110 3994 1198 4073 nusi,
1240 3993 1299 4058 de·
1413 4017 1414 4041 1

256 4080 506 4162 monstrabant,
534 4083 590 4150 1111
608 4081 755 4148 formula
776 4076 881 4148 modo
908 4079 1084 4159 affirmari,
1115 4080 1217 4145 modo
1242 4102 1299 4144 ne·

258 4166 329 4255 gari
352 4167 567 4235 sententiam:
605 4168 651 4236 ita
677 4168 867 4239 Gantherus
899 4166 1004 4234 Latin.
1034 4164 1138 4232 restit.
1169 4163 1246 4234 vol.
1267 4171 1298 4231 2.

320 3824 347 3889 is
374 3831 457 3890 1826
479 3829 583 3892 editis.
638 3820 849 3913 Quamquam
882 3825 1047 3910 eliquanto
1075 3823 1226 3888 subtilius
1249 3825 1300 3888 iu·
1413 3881 1414 3884 ,
