2866 4754
231 290 240 319 h

610 345 679 410 AN·
880 389 882 395 s
975 369 980 390 ·
1107 311 1202 426 aaa

126 501 257 591 diflert,
274 523 358 592 qnae
380 501 575 585 niueumque
599 493 744 566 orationi
759 497 923 567 illusionis
937 499 989 568 vel
1011 504 1171 574 irrisionis

127 614 238 657 caussa
253 591 408 655 iniicitnr.
451 585 539 650 Haec
560 585 648 650 anim
665 610 734 652 non
749 584 983 654 elficitnovnm
1005 613 1041 654 ac
1057 593 1173 679 singu,

26 749 30 760 ¹
124 678 192 744 lare
221 689 323 765 genus
347 671 649 769 interrogationis&
675 673 730 737 ssd
764 672 804 736 ad
836 671 949 738 artem'
969 673 1171 746 rhetoricam

124 766 278 852 pertinet.
338 763 505 828 Sententia
538 757 770 837 enuntiationis
803 757 839 822 in
868 763 1076 828 eontrarium
1096 787 1180 838 ,ex-1
1217 778 1222 788 ’

127 850 258 939 cipitur.
1058 927 1060 934 .
1101 927 1105 944 .

235 969 317 1022 Huius
335 967 435 1018 ironiae
462 965 608 1034 exemplum
630 964 794 1014 normannus
814 963 1016 1032 deprehendisse
1035 968 1086 1021 sibi
1103 970 1172 1022 visus

196 1065 241 1108 eat¹
259 1056 287 1105 in
312 1056 419 1106 sueton.
442 1055 531 1104 Octav.
556 1047 598 1100 54.
626 1049 767 1102 Antistius
790 1047 890 1102 Labeo
910 1064 1024 1106 senatus
1044 1053 1171 1117 lectione,

194 1159 276 1214 quum
291 1141 334 1192 vir
349 1142 439 1192 virum
461 1138 579 1208 legerat,
598 1135 647 1189 M·
665 1132 826 1202 Lepidum,
852 1130 960 1187 hostem
980 1138 1048 1192 olim
1068 1144 1128 1196 cius
1145 1152 1173 1194 et

197 1235 263 1276 tunc
280 1222 453 1278 exsulantem
471 1221 559 1292 legite
578 1221 816 1290 interrogatusque
834 1213 870 1269 ab
887 1235 938 1280 eo,
958 1239 995 1272 an
1012 1236 1103 1278 essene
1120 1225 1174 1280 alii

197 1309 355 1380 digniores,
379 1325 457 1360 suum
487 1322 620 1379 quinique
641 1303 772 1358 iudicium
794 1300 893 1358 habers
917 1308 1070 1388 respondis.
1099 1313 1173 1379 quasi

196 1398 325 1462 Angustus
350 1411 407 1444 cnm
429 1393 553 1444 irrisione
579 1391 703 1442 dixisset:
735 1388 857 1439 nimirum
879 1389 923 1441 hic
949 1400 990 1441 est
1008 1392 1172 1460 dignissimus

196 1479 241 1548 qni
260 1479 377 1556 legatur:
397 1475 458 1548 gibt
475 1495 503 1530 es
523 1475 596 1528 han
611 1473 713 1542 anelare
729 1473 906 1544 wr'trdigcra?
928 1476 1005 1538 Quod
1020 1478 1123 1544 quidem
1140 1481 1173 1534 ab
1267 1520 1271 1525 .

194 1569 312 1631 Angusto
331 1563 383 1615 dici
403 1571 524 1632 poterat:
549 1560 595 1612 sed
611 1578 690 1611 unum
709 1558 776 1610 illud
793 1575 847 1609 non
865 1559 985 1622 credam,
1004 1563 1053 1612 tali
1071 1563 1173 1616 ironiae

194 1647 406 1718 pronuntiationi
434 1657 522 1717 aptam
545 1646 632 1696 locum
659 1663 715 1696 esse
739 1645 768 1695 in
792 1644 943 1697 narratione
967 1656 995 1698 ct
1019 1647 1047 1697 in
1067 1647 1174 1718 obliqua

199 1734 327 1786 orationis
351 1735 444 1784 forma.
484 1733 570 1793 Quare
606 1729 751 1799 Stephanus
785 1715 944 1784 assentiente
967 1732 1089 1785 Ernestio
1120 1753 1173 1788 non
1197 1771 1199 1780 ι

196 1821 265 1872 male
281 1819 388 1888 scripsit
415 1837 453 1870 an
475 1833 541 1869 non·
575 1817 659 1868 Reizii
684 1813 836 1868 coniectura
861 1836 933 1870 anne
957 1817 1024 1868 nihil
1050 1819 1173 1873 efficitur.

196 1907 305 1958 Terent
322 1908 386 1956 liec.
403 1900 436 1971 4,
457 1900 490 1967 4,
507 1898 550 1952 40.
571 1899 676 1954 censen*
692 1910 721 1953 te
738 1917 823 1970 posse
837 1903 956 1972 reperire
971 1901 1061 1954 allam
1078 1904 1175 1958 mulis·

194 2011 269 2055 rem,
288 2009 359 2064 quas
378 1983 472 2042 careat
491 1985 599 2055 culpa?
622 2004 659 2038 on
671 1985 751 2056 pria
776 2003 832 2038 non
850 1984 1016 2056 delinquunt
1039 1993 1093 2048 viri
1100 1989 1115 2042 l
1130 1991 1175 2042 ubi
1275 2029 1278 2040 ,

196 2069 331 2128 Donatus:
356 2073 482 2146 εἰρωνείᾳ
499 2072 623 2126 dictam.-
642 2087 698 2124 non
717 2073 789 2124 enim
806 2085 863 2124 non
880 2071 1055 2145 delinquant.

193 2199 266 2266 12.
296 2179 424 2256 hocedo
442 2189 482 2254 ad
499 2187 579 2255 alios
597 2187 769 2266 orato‘rum
790 2211 879 2255 usus.
908 2191 966 2255 An
986 2201 1018 2254 et
1035 2214 1083 2255 an
1098 2197 1174 2256 ¹cero

126 2288 289 2366 usurpant
305 2300 402 2364 saepe
416 2277 451 2340 in
470 2299 505 2339 ea
523 2276 831 2362 sententiamque,
851 2297 977 2340 novum
996 2299 1174 2364 argumen-

127 2375 201 2428 tum
216 2363 441 2452 superioribus
456 2361 616 2444 addituri,
637 2381 705 2446 are
721 2370 807 2426 certa
824 2371 856 2425 et
872 2361 1023 2428 confessa
1041 2363 1081 2427 ad
1100 2385 1174 2429 rem

127 2449 309 2536 respiciunt
333 2447 467 2512 dubiam
486 2457 518 2512 et
543 2457 714 2533 negatam,
745 2447 803 2511 scd
817 2445 865 2511 illi
891 2448 1051 2532 similem,
1071 2458 1110 2512 ut·
1132 2449 1174 2514 ad

44 2563 46 2566 ·
130 2532 413 2622 comprobandam
439 2533 638 2610 alteramcx
662 2533 763 2598 altera
786 2530 894 2620 priori
914 2529 971 2597 fiat
994 2534 1174 2600 conclusio.

129 2622 244 2707 Logici
275 2629 395 2685 vocant
428 2619 748 2707 argumentationem
774 2642 792 2682 a
822 2620 951 2684 minore
985 2618 1027 2684 ad
1057 2622 1173 2686 maius.
1199 2643 1210 2648 ·

130 2706 296 2782 Eumdem
330 2725 463 2769 sensum
494 2728 556 2776 nos
587 2706 805 2790 exprimimus
837 2705 1017 2770 vernaculis
1048 2700 1173 2772 verbis:

131 2790 215 2856 oder
230 2789 311 2856 aber
330 2791 428 2854 sollte
439 2790 531 2870 janes
553 2784 640 2853 'statt
656 2784 804 2875 finden.
833 2787 912 2874 und*
928 2787 1036 2853 dieses
1057 2790 1178 2856 niclrt?

58 2905 61 2912 ¹
132 2875 359 2964 Requiruntur
373 2875 531 2964 igiturres
541 2873 689 2960 aequales
704 2873 756 2939 vel
769 2893 871 2957 aeque
888 2872 1072 2962 possibiles,
1091 2896 1175 2962 qua-

130 2984 208 3028 rum
224 2985 268 3026 ne
283 2961 381 3026 altera
398 2960 496 3025 dubia
510 2959 675 3038 videatur,
702 2958 888 3044 quaeritur,
910 2958 1082 3042 quomodo
1102 2957 1191 3025 tie-ri·

130 3048 254 3148 possit,
278 3057 314 3110 nt
332 3067 453 3111 canon
471 3043 620 3121 exsistat,
648 3065 731 3131 quae
749 3064 855 3128 aequo
876 3043 926 3109 vel
947 3044 1073 3110 maiore
1090 3045 1173 3110 adeo
1259 3043 1262 3050 ’

132 3155 203 3199 rure
226 3134 339 3198 locum
363 3139 490 3208 teneat,
514 3139 546 3195 et
571 3130 715 3195 eiusdem
744 3131 785 3194 sit
808 3127 956 3194 rationis.
977 3129 1110 3222 'h'ltera
1137 3151 1185 3196 re·
1253 3134 1256 3146 ’

131 3241 284 3283 concessa
295 3216 501 3282 concluditur
512 3215 646 3280 alteram
664 3214 840 3280 secundam
852 3216 948 3279 etiam
968 3236 1077 3280 veram
1095 3239 1175 3282 esse.

130 3307 284 3386 Attamen
302 3302 366 3367 hoc
382 3303 493 3391 ipsum
511 3297 580 3366 non
595 3289 798 3386 significatur
816 3301 977 3365 vocabulo
996 3325 1059 3383 an,
1083 3301 1174 3388 quod
1274 3319 1275 3326 ¹

130 3390 234 3454 modo
249 3389 388 3468 indicat,
411 3387 508 3462 haec,
527 3408 613 3473 quae
627 3387 796 3461 dicuntur,
813 3385 882 3451 aliis
929 3387 1092 3452 raemissis
1109 3409 1176 3475 op-

130 3475 229 3564 poni,
256 3475 325 3540 sive
350 3475 452 3540 exiis
478 3483 646 3558 tamquam
670 3409 981 3558 contrariacolligi.¹
1030 3471 1176 3554 Etenim,

130 3582 203 3624 non
219 3561 329 3648 posito
348 3584 413 3642 an,
437 3559 525 3624 idem
543 3558 741 3644 exprimitur
759 3555 860 3620 verbo
880 3580 975 3644 ergo.
1017 3557 1083 3621 vid.
1108 3558 1175 3623 Cic.
1196 3564 1222 3584 ·’

130 3643 233 3710 Tusc.
257 3650 294 3726 1,
316 3645 374 3726 14,
396 3651 448 3710 81.
477 3644 583 3709 Beier.
607 3644 646 3708 ad
666 3642 734 3706 Cic.
758 3641 798 3704 de
823 3640 890 3706 Off.
915 3644 1025 3724 1,,81.
1047 3666 1082 3731 p.
1098 3644 1174 3710 245.

131 3727 331 3795 Coniunctio
346 3732 521 3818 utriusque,
533 3729 712 3800 sententiae
728 3737 837 3807 autem
857 3750 893 3792 ea
911 3735 983 3810 est„
1005 3750 1069 3814 qua
1092 3727 1176 3794 duae

130 3837 186 3882 res
208 3837 339 3884 caussae
361 3817 412 3881 vel
432 3813 569 3881 rationis
595 3836 685 3880 nexu
710 3815 754 3879 ita
776 3812 1006 3888 cohaerentes,
1032 3823 1068 3878 ut
1084 3815 1118 3879 in
1134 3836 1195 3881 co·

132 3900 328 3988 explicando
355 3901 501 3966 adhiberi
524 3902 632 3989 possit
654 3922 753 3988 quum
776 3899 827 3964 vel
851 3899 901 3980 si,
927 3919 1031 3985 aequo
1045 3899 1121 3965 loco
1142 3910 1175 3965 et
1232 3915 1234 3922 “

131 3989 166 4054 ta
186 3985 375 4071 παραλλήλου
398 3996 664 4072 componuntur:
701 3985 740 4058 de
765 4006 850 4071 quo,
874 3993 913 4048 ut
938 4006 1045 4066 nune,
1071 3993 1175 4073 quum

131 4071 213 4141 haec
228 4074 352 4160 scripta
367 4093 442 4137 mea
464 4070 678 4159 typographo
694 4071 808 4146 trado,
831 4069 946 4148 video,
982 4072 1175 4160 nuperrime

131 4156 299 4224 Wolfium
313 4171 470 4246 sequutus
486 4155 648 4260 subtiliter
662 4156 814 4223 disseruit
828 4149 1029 4242 Madvigius,
1053 4153 1176 4222 Emen-
