2858 4750
607 329 705 400 acu.
779 299 780 304 ‘
1125 335 1189 400 aaa
1222 277 1232 294 ’

150 493 309 563 venua>
332 489 409 556 aa
448 489 499 558 ‘ur
526 473 668 556 recurat
692 463 1190 554 nominenominee.
1279 485 1284 494 ·

147 588 186 665 a,
211 583 254 662 4,
279 584 349 660 19„
921 617 926 636 .

249 701 358 751 Terent.
371 696 391 749 1.
407 716 430 750 c.
447 715 500 770 age
515 697 615 769 igitar,
636 693 769 760 abinanc
783 694 943 764 ostiansi?
962 694 1033 763 quod
1051 693 1190 746 Boeclerus

214 803 283 856 male
298 801 413 870 explicat
429 797 496 870 φέρε
513 795 557 870 δή.
591 802 673 852 Plaut.
696 799 753 850 Cas.
772 796 806 859 2,
825 795 858 860 6,
878 792 920 852 52.
946 815 1000 868 age
1014 795 1112 868 ecquid
1128 790 1189 862 fit?

196 877 197 882 ¹
214 891 287 941 Asin.
308 888 341 952 2,
362 882 396 952 4,
417 884 460 938 69.
479 884 659 938 Petron.102.
685 903 739 956 age
756 879 890 950 nuncquid
904 892 932 934 et
951 879 1030 935 labra
1043 896 1190 951 possupras

217 983 324 1024 tonsore
337 972 475 1023 teterrimo
498 967 635 1041 implere?
655 964 874 1032 Quemadmodum
885 966 967 1035 accipi
986 977 1074 1035 potest
1082 968 1189 1018 Terent.

215 1055 381 1124 Adelphst,
406 1055 441 1120 2,
466 1052 492 1105 7.
517 1073 570 1126 age
586 1056 641 1106 scis
661 1051 728 1124 quid
748 1050 870 1121 loquar?
895 1051 938 1104 ubi
956 1061 1041 1104 tamen
1057 1055 1189 1104 Donatus:

216 1139 300 1194 modo
322 1157 389 1210 age
404 1139 580 1208 corripientis
597 1147 639 1191 ert
659 1132 837 1190 adverbium.-
855 1154 906 1206 quo
924 1137 1102 1204 comprobato,
1123 1155 1188 1204 per-

214 1227 283 1277 tinet
297 1225 347 1276 hoc
362 1225 396 1274 ad
411 1223 528 1292 exempla
542 1223 670 1290 proxima.
704 1221 802 1300 Eadem
814 1239 858 1281 res
873 1229 913 1270 est
925 1221 953 1270 in
968 1224 1034 1273 Eun.
1049 1222 1082 1286 43
1102 1218 1190 1286 4,’37.

215 1314 259 1365 Ρι.
290 1311 351 1363 lam
371 1309 447 1360 satis
466 1317 568 1360 cartam
588 1318 630 1361 est
653 1305 787 1376 virginem
809 1306 938 1380 vitiatam
961 1327 1026 1362 esse.
1058 1312 1104 1363 Pu.
1127 1308 1190 1378 Age

214 1416 303 1457 nanc,
327 1391 439 1454 bellua,
461 1392 549 1446 credis
568 1391 631 1446 braic
646 1390 721 1464 qaod
741 1389 833 1444 dicit?
862 1379 946 1442 Plaut.
959 1393 1030 1444 Asia.
1046 1394 1079 1457 2,
1096 1389 1128 1459 4,
1139 1393 1189 1445 69.

216 1500 286 1553 aga,
308 1478 462 1548 inmodice,
485 1478 614 1544 sceleste,
641 1496 697 1530 non
711 1475 797 1530 andes
812 1474 880 1532 mibi
893 1475 1007 1532 scelesto
1022 1476 1189 1532 subvenire?
1288 1475 1293 1486 ‘

230 1590 262 1649 2.
297 1583 407 1647 Vtitur
420 1579 482 1644 bac
499 1581 658 1668 particula
674 1580 710 1643 in
724 1578 891 1668 colloquio
907 1581 954 1660 is,
978 1581 1034 1667 qui
1055 1581 1188 1646 alicuius

147 1669 343 1734 sententiam
374 1666 524 1730 reficiens
555 1666 642 1730 banc
675 1665 781 1752 ipsam
811 1665 880 1728 vult
906 1666 1059 1744 missam,
1090 1667 1127 1731 et'
1147 1667 1187 1730 ad

147 1755 246 1820 aliam
262 1777 344 1834 rem,
362 1752 412 1814 iel
429 1752 469 1815 ad
493 1751 559 1832 rei,
586 1752 625 1815 de
643 1771 707 1848 qua
722 1752 845 1836 agitur,
868 1749 935 1816 vim
959 1775 995 1814 ac
1020 1753 1188 1816 veritatem

147 1839 419 1904 considerandam
435 1847 560 1901 evocat.
581 1863 585 1874 ι
605 1839 704 1901 Curua
723 1834 850 1921 generis
869 1837 975 1898 oratio
995 1857 1101 1925 ‘quum
1119 1859 1188 1901 non

145 1945 215 1989 uno
230 1924 333 1988 modo
353 1921 558 1986 conformari
581 1921 703 2010 possit,
732 1942 794 1982 nos
812 1919 847 1982 in
867 1921 1023 1984 vertendo
1047 1921 1188 1986 diversas

144 2033 226 2074 usur
253 2031 344 2078 amus
371 2007 498 2075 formas
522 2005 714 2072 vernaculae
738 2004 879 2091 linguae.
926 2005 1067 2070 Afferam
1094 2007 1188 2072 locos
1227 2029 1230 2038 ·

145 2033 301 2160 nondum
316 2095 391 2158 satis
410 2094 602 2180 explicatos.
643 2091 682 2156 In
704 2091 743 2154 iis
764 2112 839 2155 vero
859 2113 938 2156 cons
964 2091 1036 2154 icua
1058 2103 1105 2157 cst
1119 2093 1188 2156 im·

83 2183 86 2199 '
145 2181 285 2269 peralivi
300 2189 415 2244 natura
431 2177 609 2266 primitiva,
658 2199 696 2240 ua
711 2176 749 2256 is,
769 2197 912 2262 quocum
959 2177 1207 2264 tencollo'qui-.

146 2275 220 2346 tur,
232 2275 490 2356 promoveatur,
515 2265 603 2330 etad
621 2201 681 2328 alia
698 2261 1006 2348 comprehendenda
1020 2264 1189 2329 excitetur.
1238 2320 1240 2328 .

196 2452 198 2457 .
251 2387 363 2438 Terenti
384 2385 449 2437 Eun.
472 2386 505 2450 1,
528 2387 560 2452 2,
587 2383 628 2436 18.
653 2387 700 2437 Pr.
733 2381 837 2444 Unda,
865 2393 897 2448 a}
914 2382 971 2453 fit,
998 2385 1096 2436 misera
1120 2403 1190 2454 prae

214 2489 310 2525 amore
326 2469 444 2524 exclusti
454 2470 523 2523 banc
527 2466 624 2540 foras.
658 2472 707 2523 Tu.
730 2471 836 2523 Siccine
853 2473 914 2533 ais,
942 2468 1102 2522 Parmeno?
1126 2488 1188 2542 age.
1272 2479 1275 2484 '

213 2556 264 2610 sed
287 2553 339 2607 buc
353 2567 407 2627 aaa
418 2556 516 2627 'gratia
532 2568 559 2610 te
574 2557 675 2610 arcessi
693 2555 777 2619 iussi,
807 2553 944 2607 ausculta.
964 2553 982 2607 i.
996 2569 1019 2605 e.
1045 2553 1108 2624 quid
1129 2555 1188 2608 eis?

142 2691 157 2699 ,,
212 2642 290 2693 mitte
303 2638 370 2693 hoc:
388 2641 459 2710 quod
473 2641 581 2709 proprie
595 2651 651 2705 est,
669 2658 753 2712 perge
772 2640 811 2692 ad
825 2638 904 2690 aliar
925 2642 977 2692 wie
991 2637 1091 2693 lanosi
1106 2641 1144 2694 da
1157 2659 1189 2695 so

215 2724 371 2797 sprecben?
402 2723 461 2797 lass
484 2723 552 2779 dies.
593 2725 656 2779 Non
680 2729 865 2780 intellexerant
887 2721 1059 2789 sententiam,
1083 2728 1129 2794 qui
1156 2747 1189 2781 ex

161 2865 164 2872 ,
215 2806 345 2878 aliquibus
360 2807 436 2862 libris
452 2807 615 2879 recipiebant
632 2816 732 2866 siccine
754 2817 825 2884 agis.
868 2814 985 2863 Donatus
1002 2811 1082 2864 haec:
1107 2817 1190 2869 corri-

189 2901 190 2908 ’
212 2895 318 2965 picatis
333 2905 376 2947 est
391 2897 474 2950 modo
489 2915 557 2967 age,
589 2915 646 2950 non
667 2897 807 2952 hortantis
829 2893 999 2950 adverbium.
1034 2898 1188 2966 Adelph.2‚

212 2980 248 3045 2,
268 2977 309 3030 16.
333 2979 378 3032 ubi
394 2977 491 3032 Sannio
509 2977 589 3048 dicit,
605 3001 620 3034 a
635 3000 663 3034 se
679 2984 821 3036 abhorrere
837 2978 975 3032 consilium
989 2982 1056 3051 Syri,
1073 2983 1120 3035 ille
1136 2988 1188 3055 Sy-

131 3099 132 3106 .
213 3083 261 3118 rus
279 3067 330 3117 ait:
347 3083 415 3136 age,
436 3065 503 3118 nodi
519 3075 596 3120 tuum
610 3071 751 3137 animante
769 3067 848 3140 quasi
863 3069 1046 3137 iamurqaam
1064 3041 1190 3124 tibtiinr
1241 3053 1244 3067 Ι
1282 3078 1286 3090 ‘

213 3150 317 3220 viginti
334 3141 440 3214 arinca,
466 3151 532 3204 dum
549 3150 612 3207 huic
627 3150 785 3226 obsequere.
802 3153 820 3206 i.
834 3173 857 3204 e.
871 3153 951 3222 ¹mitte
963 3152 1028 3203 hoc:
1047 3151 1124 3206 alium
1139 3154 1190 3207 tibi

213 3234 327 3285 animum
340 3251 399 3298 'esse
418 3235 483 3288 benc
504 3234 574 3288 scio}
601 3255 653 3290 non
680 3236 775 3307 triginti
791 3235 876 3290 minae
898 3238 948 3307 tibi
965 3238 1034 3288 tanti
1059 3251 1135 3304 sunt,
1160 3249 1190 3290 ut

213 3317 275 3370 buic
296 3337 350 3372 non
367 3321 519 3389 obsequere.
552 3325 671 3375 Donatus
696 3343 750 3376 nou
770 3338 872 3377 omnem
895 3324 947 3376 vim
969 3325 1042 3374 verbi
1061 3325 1188 3393 percepit,

213 3417 292 3472 quum
312 3402 390 3458 dicit:
409 3425 462 3478 age
479 3423 550 3459 nunc
566 3405 678 3460 verbam
705 3421 748 3463 cst
774 3408 937 3484 significans
956 3409 1016 3470 dic,
1043 3411 1110 3480 qaia
1132 3411 1190 3460 iam

187 3559 188 3564 1
211 3505 302 3558 prope
321 3500 364 3542 est
381 3502 413 3543 ut
431 3497 587 3546 consentiat
609 3493 797 3562 persuadenti.
829 3495 1009 3564 Namssannio
1027 3494 1105 3560 longe
1123 3494 1189 3545 abe-

210 3581 254 3622 rat
272 3579 301 3622 ui
315 3576 485 3627 corrseniirei.
520 3577 577 3630 Nos
594 3577 623 3629 id
639 3597 691 3631 non
709 3595 761 3630 uno
779 3581 857 3630 modo
876 3580 1023 3647 exprimere
1039 3595 1188 3647 possumus:

209 3654 326 3726 gelrici
346 3657 432 3713 kenne
452 3659 524 3727 dieb,
544 3661 585 3713 vel
602 3661 654 3716 acb
672 3665 715 3718 icb
735 3662 820 3717 kenne
839 3663 901 3718 dieb
921 3663 1028 3718 bessa:
1046 3664 1089 3716 als
1109 3684 1190 3718 wenrc

168 3771 172 3784 .
210 3741 257 3796 dir
273 3748 398 3816 awanzig
420 3737 524 3800 Mirien
544 3765 602 3800 was
625 3747 809 3804 wirceburc.
831 3749 864 3814 2,
884 3745 1189 3816 8‚19.nbiChaeron,
1239 3736 1240 3739 ¹

166 3901 180 3910 .
210 3827 274 3895 quid
298 3829 348 3880 sibi
368 3832 492 3881 Parmeno
522 3828 585 3882 olim
609 3833 744 3902 pollicitus
766 3839 851 3896 esset,
876 3835 1047 3899 memoravit,
1071 3836 1115 3887 hic
1140 3855 1188 3888 re-

209 3914 338 3982 spondet,
358 3915 523 3982 quibusnam
541 3913 646 3968 misaam
665 3917 764 3980 faciat,
783 3937 844 3990 age,
865 3922 966 3989 inepte.
987 3919 1043 3984 Nos
1059 3921 1109 3974 aab
1121 3921 1189 3975 Pos-

207 4015 267 4054 sen.
301 4001 336 4050 Et
358 4000 387 4050 in
406 3997 503 4051 blanda
527 3999 682 4068 loquutione
705 3999 815 4072 Adelph.
832 4002 865 4065 2,
886 4000 920 4069 4,
940 3999 966 4054 7.
988 3999 1061 4077 age,
1085 4009 1188 4076 inepte,

206 4085 289 4155 qnasi
311 4103 384 4139 nanc
411 4103 467 4138 non
495 4089 619 4139 norimus
644 4101 696 4140 nas
716 4091 791 4141 inter
812 4104 873 4142 nos.
916 4088 1010 4141 Totam
1034 4089 1189 4142 sententiam

204 4169 335 4239 expressit
351 4171 444 4227 (liceto
462 4169 496 4226 da
513 4171 617 4231 cenea.
641 4169 674 4244 7,
692 4171 737 4236 al.
754 4190 826 4248 age,
848 4183 880 4231 at
898 4171 955 4232 ista
973 4172 1071 4231 divina
1092 4172 1188 4226 stadia
