2834 4756
223 331 329 446 ‚412‘

711 353 836 424 APVD.

362 520 419 574 cic.
433 517 466 572 sle
479 515 530 570 off.
547 513 572 582 1,
591 511 687 580 1t‚85.
704 515 735 569 in
743 531 798 586 qno
809 522 954 584 tantopere
964 512 1043 586 apud
1057 521 1167 566 nostros
1184 499 1301 565 iustitia¹

327 601 406 661 tulta
432 613 490 669 est,
516 613 548 655 at
573 601 621 674 qui
647 602 774 654 ciuitates
800 610 850 653 aut
871 602 998 654 nationes
1023 599 1147 654 devictas
1173 593 1252 650 lrello
1271 597 1303 648 in

310 695 315 704 '
323 689 415 761 fidem
432 689 614 757 recepissent,
630 703 723 739 earum
740 688 855 756 patroni
879 694 970 740 essent
992 703 1068 738 more
1092 685 1236 737 maiorum.
1271 682 1302 745 2,

326 772 378 838 24,
392 771 436 828 85.
460 771 527 826 lraee
549 769 627 840 apud
650 777 768 824 maiores
794 779 904 823 nostros
925 766 1079 842 factitata.
1122 771 1254 822 Gesnerm
1270 768 1302 819 in

325 861 459 914 Thesauro
476 875 502 908 n.
518 854 545 908 5.
563 867 591 908 ct
606 855 742 914 &sestius
759 856 787 908 in
803 857 875 908 notis
893 857 928 909 etl
944 857 1231 918 Tarsell.1docuerult,
1253 851 1301 906 ubi

327 944 435 996 terbum
452 943 581 1011 passivum
597 951 682 1012 estet,
701 939 779 1012 apud
799 957 855 994 esse
875 941 945 994 idem
965 943 1036 1012 quod
1051 962 1079 994 a.
1097 946 1182 1011 Atque
1195 941 1233 992 itu
1245 938 1300 990 ium

326 1027 437 1082 Vrsinus
462 1028 492 1079 iu
510 1028 627 1080 Institut·
652 1029 728 1080 Tom.
747 1027 773 1080 1.
789 1045 817 1096 p.
840 1023 916 1080 10⁵4.
949 1028 1001 1080 Sed
1024 1027 1140 1096 Scaliger
1159 1024 1192 1078 de
1209 1025 1299 1076 Gaaee.

324 1114 359 1176 L.
375 1114 406 1166 L.
425 1111 484 1165 157.
499 1132 526 1182 p.
544 1111 605 1165 898.
626 1113 717 1184 „quod
734 1124 821 1168 eutem
833 1114 922 1180 uiam,
943 1114 1012 1184 apud
1025 1114 1153 1175 maiores,
1181 1110 1299 1180 positam

119 1229 121 1236 v
213 1225 216 1243 ι
302 1213 374 1270 'pro
395 1216 427 1250 eo
444 1199 516 1269 quod
534 1208 613 1264 esset,
629 1200 803 1266 amarioribus,
819 1199 913 1251 falsum
930 1210 984 1254 est:
1003 1199 1051 1252 ead
1069 1208 1109 1252 est
1126 1196 1202 1259 aient,
1211 1203 1299 1247 aetate

310 1288 417 1338 'nostra
435 1283 486 1336 hoo
504 1283 550 1348 fit,
567 1285 663 1354 quippe
684 1284 819 1362 abaliquo
841 1283 910 1353 apud
927 1294 1045 1350 ceteros,
1061 1283 1132 1353 quod
1150 1282 1184 1335 ad
1203 1299 1298 1334 saecu·

323 1369 380 1424 lum
396 1369 447 1422 hoc
462 1368 594 1438 pertinet:
618 1381 769 1438 praesentes
794 1370 863 1424 enim
886 1387 972 1422 samus
987 1371 1133 1438 tempore.“
1172 1369 1214 1421 Ad
1232 1367 1300 1418 haec

323 1454 435 1508 Vrsinus
451 1473 478 1524 p.
497 1451 573 1506 1128.
596 1465 702 1518 monet,
727 1473 780 1508 nou
801 1456 886 1507 solum
910 1464 1011 1524 tempus
1029 1456 1142 1520 inferri,
1165 1453 1213 1506 sed
1238 1470 1298 1504 am-

321 1539 391 1610 plius
410 1539 481 1610 qaid.
515 1524 645 1590 Nimirum
667 1558 717 1592 nco
733 1550 834 1609 tempus
859 1539 1014 1609 simpliciter
1028 1541 1152 1612 poninus,
1168 1539 1215 1592 eeal
1232 1556 1298 1608 pcr-

323 1641 389 1676 sone
398 1662 407 1689 ,
424 1642 472 1676 nea
489 1640 594 1674 caussae
610 1623 686 1674 notio
702 1624 878 1692 intelligitur,
898 1625 946 1676 eod
959 1625 1031 1690 loci,
1050 1627 1079 1678 in
1097 1643 1150 1696 quo
1165 1623 1228 1695 quid
1246 1642 1297 1694 ap-

323 1719 426 1780 pareat.
460 1707 539 1771 Quod
556 1707 610 1759 (lic.
627 1699 718 1762 Manli.
735 1709 786 1773 21,
804 1707 846 1762 62.
866 1713 982 1783 quaein
999 1709 1125 1766 omnibus
1142 1705 1299 1764 hominibus

323 1811 400 1848 naua
429 1791 664 1864 postolominum
695 1797 854 1849 memoriam
884 1798 1038 1860 constituta
1064 1793 1154 1859 ,sunt,'
1178 1814 1212 1849 ea
1237 1802 1298 1846 tam

321 1876 414 1932 multa
430 1894 487 1930 non
506 1887 571 1932 sant
588 1895 671 1950 qaam
688 1877 764 1943 haee,
778 1897 850 1952 quae
867 1880 896 1933 in
914 1879 968 1933 luca
980 1899 1035 1937 uno
1048 1878 1298 1937 lamineeidimus·

324 1981 480 2034 quamquam
494 1961 664 2015 Schwartaius
683 1973 776 2031 negat,
800 1974 872 2017 recte
898 1963 951 2018 diui
975 1976 1080 2034 poterat
1102 1964 1179 2038 apud
1203 1981 1297 2019 onmes

286 2102 289 2110 ,
321 2047 473 2103 leomines.x
490 2047 575 2099 Tacit.
594 2050 667 2100 Anu..
683 2048 732 2112 tt,
749 2047 792 2101 69.
818 2069 867 2104 nea
892 2047 1049 2106 dubitatum
1074 2061 1116 2105 est
1133 2048 1210 2119 apud
1230 2064 1297 2119 pro·

322 2136 442 2188 vincias.
477 2132 547 2182 Illud
571 2130 652 2203 apud
676 2137 811 2198 maiores,
834 2134 914 2206 apud
933 2137 1064 2206 antiquos
1084 2135 1197 2204 tempori
1221 2135 1297 2188 ‹lesi-

322 2218 428 2288 gnaudo
439 2216 573 2286 ¹irescrrit:
598 2235 678 2286 quare
702 2219 844 2287 opponitur
870 2219 924 2272 cic.
941 2220 1008 2272 Phil.
1026 2217 1062 2286 5,
1081 2219 1115 2272 17
1122 2258 1130 2286 ,
1146 2217 1189 2272 48.
1206 2239 1297 2274 recen·

318 2309 377 2358 tior
394 2305 534 2356 memoria.
569 2301 611 2356 Sic
626 2302 705 2380 etiarn
726 2305 811 2355 Tacit.
835 2308 902 2357 lun.
923 2303 956 2370 2,
976 2302 1018 2357 83.
1036 2305 1122 2358 aliam
1143 2303 1220 2373 apud
1242 2301 1296 2358 Fa·

322 2389 442 2452 bricios,
462 2385 550 2440 uliam
566 2387 645 2460 apud
668 2389 813 2460 Scipiones
836 2390 989 2460 pecuniam.
1020 2390 1127 2462 Terent.
1141 2389 1252 2454 Eumd,
1267 2387 1295 2452 2,

319 2475 366 2528 1⁵.
385 2472 454 2528 olim
468 2473 524 2528 isti
542 2465 609 2541 fuit
632 2477 727 2543 generi
751 2473 891 2546 quandam
917 2485 1047 2548 quaestus
1074 2472 1152 2544 apud
1175 2473 1296 2530 saeclum
1315 2504 1328 2529 x

320 2563 409 2634 prius.
451 2556 540 2607 Celsus
563 2554 598 2621 8,
622 2555 648 2612 9.
672 2557 750 2629 apud
772 2565 904 2633 antiquos
927 2579 1033 2632 quoque
1051 2587 1086 2605 ··
1096 2556 1163 2633 fuit
1192 2559 1295 2616 Patron

215 2651 218 2656 '
320 2642 435 2720 quidam
455 2649 507 2692 eta.

355 2732 409 2780 Iste
426 2735 511 2778 autem
532 2724 672 2795 loquutio,
696 2723 726 2777 in
741 2743 791 2798 qua
807 2728 913 2782 verbum
929 2729 1058 2800 passivum
1074 2748 1130 2782 rem
1147 2739 1231 2782 actam
1247 2727 1293 2778 in-

318 2814 408 2879 s'licat,
424 2828 476 2864 non
497 2810 530 2862 de
546 2810 655 2880 cingulis
674 2811 838 2880 hominium,
863 2815 911 2868 ced
935 2817 968 2868 de
984 2815 1167 2885 multitudine,
1193 2813 1225 2864 de
1240 2829 1293 2881 po-

320 2899 392 2973 pulis
406 2906 559 2966 usurpatur.
592 2898 660 2950 Nam
674 2899 799 2967 quoniam
816 2917 870 2952 non
893 2920 959 2955 unus
976 2903 1081 2972 quidam
1105 2910 1196 2952 auctor
1219 2907 1294 2950 actae

321 2985 367 3039 rei
388 2981 518 3034 nominari
544 2990 650 3051 potest,
685 2983 739 3034 loci
774 2985 880 3040 nomiae
911 3005 1000 3040 amnes
1018 2983 1311 3056 comprehenduntur..

321 3069 410 3126 Tacit.
425 3070 493 3122 Ann.
511 3061 546 3130 4,
564 3063 607 3118 72.
626 3065 657 3121 id
671 3066 737 3122 aliis
752 3087 858 3142 quoque
885 3069 1192 3138 nationibusareluum,
1216 3067 1293 3139 apud

272 3187 278 3198 ·
322 3149 482 3210 Germanos
498 3143 648 3222 difficilius
665 3150 843 3206 tolerabatur.
878 3154 912 3223 l,
930 3154 956 3208 9.
973 3155 1051 3226 apud
1066 3156 1215 3230 prudentes
1232 3157 1292 3208 vita
1350 3171 1359 3197 s

317 3242 379 3296 eius
395 3239 473 3292 uarie
489 3233 679 3290 extollebatur
697 3236 905 3310 arguebaturce.
937 3241 1007 3293 Hist.
1022 3241 1061 3307 2,
1073 3229 1116 3293 91¹.
1135 3230 1293 3312 apud'aivi·

318 3336 423 3385 sacen,
444 3331 542 3376 cuncta
558 3323 801 3392 interpretantem,
811 3321 926 3398 funesti
945 3326 1046 3378 ominis
1065 3325 1126 3380 loco
1150 3335 1292 3398 acceptum

318 3423 373 3471 m.
408 3405 479 3460 Cuit.
502 3405 587 3474 5,1,
609 3407 653 3462 88.
677 3403 726 3462 ne‘c
746 3415 915 3466 meretricum
939 3407 991 3464 loc
1017 3409 1132 3464 dedecus
1157 3420 1214 3474 est,
1243 3407 1292 3463 sed

316 3507 507 3556 matronarum
523 3495 730 3568 virginumque,
753 3495 832 3568 apucl
851 3513 920 3570 quas
943 3499 1062 3552 comitas
1088 3493 1206 3550 labetur
1230 3493 1291 3548 aul·

316 3579 521 3659 gatieorpcris
537 3575 644 3634 uilitas.

317 3684 319 3690 ’
365 3684 453 3758 Apud
471 3681 592 3754 aliquem
608 3698 667 3738 esse
686 3681 782 3734 dicitur
800 3699 849 3754 pro
871 3683 959 3736 locum
976 3683 1073 3738 habere
1087 3683 1156 3754 apud
1169 3684 1291 3754 aliquem,

320 3771 408 3826 valere
426 3769 495 3840 apud
517 3762 638 3838 aliquem.
673 3767 726 3820 Cic.
747 3767 1036 3836 doteg.2,13,33.
1060 3769 1093 3822 de
1114 3769 1225 3822 scientia
1241 3787 1292 3821 au-

257 3837 270 3864 '
318 3855 420 3926 gurali:
437 3854 592 3927 quaemihi
610 3851 722 3908 uidetur
738 3850 815 3924 apud
836 3857 954 3910 maiores
967 3851 1063 3925 fuisse
1081 3853 1240 3926 dupliciter,
1260 3862 1293 3908 at

317 3940 358 3997 ad
379 3936 548 4010 reipublicae
574 3949 683 4011 tempus
707 3955 927 4011 nonnumquam,
955 3939 995 4002 ad
1019 3939 1121 4012 agendi
1144 3937 1294 3994 consilium

317 4025 481 4096 saepissime
498 4028 655 4094 pertineret·
680 4023 839 4096 Dupliciter
857 4027 972 4098 scripsit,
991 4044 1046 4079 non
1063 4022 1225 4096 dupleu,·at
1243 4043 1292 4078 re·
1310 4029 1312 4034 ’

202 4121 207 4158 .·
317 4110 405 4166 stituit
418 4109 550 4162 Davisius:
565 4127 626 4162 nam
642 4110 800 4180 intelligitur
821 4130 876 4168 nan
899 4129 980 4182 genus
996 4111 1144 4190 scientiae,
1160 4109 1208 4162 ced
1228 4128 1293 4162 mo—

318 4199 366 4254 dus
386 4195 441 4252 cius
468 4193 640 4252 adhibendae·
688 4187 856 4270 Gur'suisse
880 4196 1044 4270 displicuerit
1068 4197 1191 4252 Ernestio
1201 4219 1211 4264 ,
1225 4213 1292 4295 χιιοιι
