2882 4752
555 369 792 480 muonvu.
1019 371 1027 380 ’
1136 380 1198 446 as

207 522 396 600 'compeliatur
411 529 480 582 enlm
501 516 619 599 pecunia,
638 545 703 598 quse
721 529 793 585 nulla
810 539 868 584 ent
886 527 982 598 allelu,
999 549 1057 588 cum
1075 551 1115 601 ea,
1131 551 1198 604 quae

124 653 129 671 .
225 617 362 670 afferenda
376 624 433 668 crat
451 609 496 666 aul
512 611 717 685 exspectabatur.

237 719 270 785 6.
292 717 521 800 „Crebcrriln'e
536 717 598 782 hac
610 713 771 806 particula
788 731 865 782 usus
889 719 939 782 est
955 717 1141 802 Salvianus,
1161 731 1200 784 ut

157 815 311 892 appareat
329 803 384 868 illa
399 804 484 880 mire
499 803 694 868 delectatum
710 801 822 867 fuisse.
866 795 945 868 Fere
966 813 1080 867 aulem
1097 827 1198 869 orna-

155 902 208 953 tus
232 889 334 980 gratia
360 903 440 952 eam'
457 889 624 953 sententiis
650 887 800 968 infersit,
832 905 954 952 sonum
972 889 1076 974 magis
1098 911 1199 976 quam

152 986 280 1040 certam
306 973 409 1038 ullam
440 973 716 1061 significationem
747 993 916 1059 quaerens.
957 975 1079 1054 Quod
1110 983 1200 1040 enim

155 1057 375 1126 Ritlerhusius
400 1066 513 1140 notat,
545 1075 729 1146 numquam
751 1059 844 1124 aliter
869 1079 964 1126 usum
975 1087 989 1140 ‚*
1010 1081 1110 1147 quam
1130 1083 1198 1148 pro

147 1144 227 1234 sere
243 1153 275 1210 ct
312 1143 552 1231 ropemodamr
580 1145 771 1232 quomodo,
792 1156 829 1207 ut
852 1144 914 1208 alia
937 1146 1089 1210 omittam
1111 1146 1198 1229 loca,

139 1253 198 1300 ,ex
216 1231 273 1295 illo
284 1169 367 1294 libr.
386 1235 417 1295 6.
438 1231 478 1294 de
503 1222 649 1295 Gubern.
672 1231 734 1295 Dci
757 1231 887 1294 ostendi
911 1231 1032 1316 possit,
1055 1253 1126 1319 non
1147 1232 1199 1298 vi-

155 1317 231 1381 deo.
278 1315 402 1380 Omnes
423 1317 513 1380 enim
529 1307 734 1389 admodum,
757 1315 884 1402 inquil,
913 1317 950 1379 iu
970 1315 1200 1402 perditionem

154 1413 278 1480 narrat,
301 1413 361 1465 ortt
384 1411 491 1471 certe.
513 1413 550 1465 ut
567 1401 666 1466 aliod
685 1401 938 1481 dicernimus,
963 1425 1052 1487 pene
1074 1423 1198 1470 omnes.

154 1488 284 1551 Diserte
307 1509 422 1550 omues
448 1485 636 1551 admodum
661 1491 693 1550 el
707 1509 798 1574 pene
819 1505 933 1552 omnes
963 1489 1117 1574 opponit.
1160 1485 1200 1554 In

156 1572 272 1638 ceteris
288 1572 454 1670 plerisque
470 1569 497 1634 si
514 1571 701 1636 admodum
716 1585 778 1670 pei·
792 1574 930 1636 omniuo
952 1589 1121 1660 exponas,
1142 1575 1198 1638 ni-
1303 1579 1315 1614 Γ

154 1657 355 1735 adfeceris,
373 1652 465 1744 quod
482 1680 499 1740 a
515 1669 627 1721 menie
646 1657 787 1721 Salviani
802 1649 1015 1723 abhorreal.“
1050 1657 1199 1726 ΤΗΟΜΑ-

156 1762 245 1822 srvs.
268 1741 351 1806 Huic
371 1759 473 1828 quum
489 1741 690 1807 Facciolatus
705 1743 918 1830 adstipulatus
935 1751 1027 1826 esset,
1047 1740 1199 1809 Schwar-

58 1874 62 1899 ,.
153 1831 241 1893 taius
265 1827 458 1916 repugnavit
485 1820 546 1890 hac
571 1821 714 1914 quidem
733 1829 1032 1914 argumentationes
1063 1851 1200 1908 „omnes

156 1913 344 1978 admodum
359 1920 436 1976 s'unt
453 1914 585 1994 omncs,
629 1913 663 1976 ui
684 1912 723 1975 ad
738 1913 879 1976 modum
894 1914 1117 1997 requiruntur,
1134 1913 1201 1978 hoc
1232 1989 1234 1994 ¹
1279 1949 1282 1956 ,

156 2011 207 2064 est
221 2001 261 2064 dc
278 1999 395 2086 quibas
412 2014 513 2062 nemo
538 1935 749 2062 desideratur.
792 1997 850 2062 His
866 2013 951 2084 pene
970 2015 1086 2062 omncs
1103 2013 1200 2062 com-

155 2085 257 2150 mode
279 2084 407 2173 opponi
432 2103 531 2171 posse
553 2085 739 2148 videnlur.“
787 2076 957 2148 Ernestius
980 2087 1089 2148 aulem
1112 2083 1201 2148 ¹haec

157 2171 298 2234 addidit:
324 2168 389 2251 „Et
404 2173 517 2268 potest
534 2163 622 2258 apud
638 2167 826 2233 Saluianum
851 2167 1038 2232 admodum
1051 2169 1200 2267 positum

157 2279 225 2320 csse
241 2257 323 2344 grati
339 2277 413 2320 soni
429 2271 558 2336 caussa,
582 2254 675 2319 nullo
695 2264 786 2318 certo
801 2273 919 2335 sensu,
943 2261 974 2318 ct
991 2253 1068 2318 alibi
1087 2257 1200 2320 ouini-

157 2365 201 2405 uo
217 2337 412 2428 significare.
457 2340 510 2404 Sic
528 2341 644 2406 Graeci
658 2334 714 2422 δή,
740 2341 830 2426 quod
846 2340 923 2404 huic
940 2340 1042 2405 verbo
1058 2335 1128 2405 fere
1144 2364 1200 2406 rc-

157 2428 317 2514 spondet,
340 2425 443 2490 modo
459 2425 549 2490 cerlo
570 2443 669 2491 sensu
690 2429 842 2514 ponunt,
872 2425 977 2490 modo
1001 2434 1201 2511 aequamen.-

156 2518 304 2594 ματικοῖς,
349 2514 518 2576 russerlim
536 2531 608 2576 non
631 2510 897 2598 elegantissimi.‘·
940 2509 1026 2577 Haec
1050 2513 1200 2578 doctrina

156 2599 268 2686 paucis
283 2535 347 2662 vei
351 2598 473 2662 nemini
489 2597 588 2682 hodic
601 2596 809 2684 probabitur.
852 2592 1022 2664 Salvianus
1037 2617 1113 2662 cum
1129 2599 1199 2662 aliis

158 2681 380 2772 scriptoribus·
391 2683 483 2746 islius
500 2667 610 2747 aetatis
629 2679 991 2778 admodumusurpavit
1006 2706 1070 2772 pro
1087 2684 1200 2748 omni·
1255 2695 1273 2708 ⁰

157 2791 220 2852 ao,
235 2789 398 2856 prorsus.-
420 2769 519 2832 etiam
538 2765 673 2846 misto,
696 2789 795 2852 quem
811 2771 1025 2857 apposuimus
1038 2769 1128 2844 loco,
1144 2770 1200 2834 ubi

157 2878 271 2919 coines
286 2853 474 2919 admodum
489 2859 537 2916 est
552 2851 591 2914 ad
613 2871 718 2914 unum
736 2873 868 2933 omnes,
883 2850 1019 2930 ἅπαντες.
1056 2851 1106 2918 Ita
1129 2852 1200 2918 Na-
1279 2857 1287 2868 '

157 2941 263 3004 uarius
278 2941 439 3026 Panegyr.
470 2938 641 3000 constant.
674 2936 735 3016 25,
761 2937 804 3034 4.Ι
817 2959 884 3085 per
907 2949 981 3012 toto
1012 2939 1200 3002 admodum

156 3025 293 3091 moenio
314 3046 447 3112 magno
465 3023 521 3086 vis
542 3022 734 3100 hominum,
750 3044 807 3109 qui

842 3045 921 3088 ocus
940 3021 1116 3088 confirmat
1139 3047 1200 3089 ex-
1275 3041 1281 3050 ‘

155 3112 382 3199 plicationem‚
394 3131 493 3196 quam
500 3128 535 3195 p.
547 3113 587 3195 17
590 3106 651 3174 1.f.
667 3107 793 3172 deloco
805 3100 1100 3196 'PomponiiMclac
1115 3109 1198 3175 feci-
1275 3107 1279 3111 ’
1354 3148 1357 3155 -

156 3219 249 3261 mus:
272 3196 327 3259 hic
343 3218 431 3260 enim
455 3216 525 3259 non
546 3203 689 3282 possunt
705 3193 843 3344 inlellipji
857 3195 989 3259 moenia
1012 3217 1103 3284 penc-
1117 3203 1199 3276 lota,

155 3283 212 3348 sed
229 3291 301 3346 tota
319 3281 468 3348 omnino.
503 3278 602 3344 Conf.
618 3279 795 3356 Facciolati
837 3291 915 3367 pist.
936 3287 967 3346 9.
986 3300 1021 3369 p.
1040 3286 1115 3348 453.

239 3412 272 3472 6.
317 3409 396 3473 Nori
417 3409 534 3472 minor
552 3415 602 3470 est
626 3404 787 3480 dissensus
805 3407 952 3472 virorum
969 3399 1147 3473 doctorum
1166 3405 1201 3472 iu

154 3493 347 3557 nominibus
367 3513 544 3558 numerum
558 3490 832 3578 significantibus,
856 3493 974 3579 quibus
998 3495 1055 3558 ubi
1073 3489 1201 3556 additur

155 3577 363 3656 admodum,
380 3578 514 3667 plurimi
536 3577 702 3664 explicant
718 3577 873 3658 circiter,
897 3576 987 3666 sere.
1031 3575 1080 3644 Ita
1105 3577 1201 3643 Gifa-

155 3663 229 3728 nius
244 3665 279 3736 in
291 3665 427 3729 Obscrv.
444 3688 477 3751 p.
490 3665 541 3727 14.
565 3662 779 3727 Graeviusad
794 3657 908 3726 lustin.
926 3663 979 3738 24,
1001 3668 1033 3744 2,
1054 3669 1085 3728 6.
1110 3663 1201 3728 Gro-

155 3771 235 3813 nov.
258 3750 300 3813 ad
324 3749 394 3814 Liv.
418 3754 479 3823 27,
504 3754 564 3828 80,
585 3753 616 3812 2.
653 3747 788 3834 Sciopp.
806 3747 1008 3834 Susp.'Lccl.
1025 3750 1064 3820 4,
1086 3754 1139 3814 20.
1190 3793 1199 3812 .

154 3839 230 3900 281.
253 3834 470 3900 schwartzius
486 3846 519 3897 et
542 3833 716 3898 Schiilaius
739 3833 779 3898 de
798 3835 914 3897 Partis.
968 3835 1035 3914 Qui
1058 3853 1135 3900 vcro
1160 3771 1201 3899 de

156 3919 285 3984 ratione
316 3918 533 4005 quaerebant',
573 3941 630 3984 eos
655 3919 696 3982 ad
732 3939 830 3983 vanas
863 3919 1003 4006 argutias
1035 3920 1201 3989 aberrasse

155 4005 316 4069 videmus.
347 4002 544 4068 'Schellerus
571 4006 660 4069 enim
671 4001 1097 4074 ¹existimabat‚admodum
1116 4009 1200 4092 poni

157 4111 234 4154 cum
264 4089 489 4156 numeralibus
541 4110 580 4152 ro
610 4089 753 4176 simplici
782 4087 848 4168 od,
886 4089 1028 4182 ideoque
1053 4081 1200 4154 vocabu·

154 4172 227 4242 lum
241 4176 381 4242 modu-m
395 4112 539 4242 redundp
560 4193 593 4260 c,
614 4174 750 4240 velutin
762 4175 999 4261 postmodum:
1022 4197 1106 4262 quae
1121 4195 1199 4240 sen-

573 4313 585 4336 Ὶ
