2866 4754
433 333 591 428 surus.
632 360 849 456 suruuso.
1106 367 1170 432 sss

211 517 244 584 b.
273 515 379 581 Sicuti
398 526 496 596 onte,
531 515 628 580 'etiam
648 529 754 583 autea
768 519 803 583 in
820 516 1035 608 disponendis
1059 519 1172 590 diver-

124 602 168 670 sis
183 602 392 692 temporibus
410 602 547 690 ponitur
565 623 630 687 pro
644 605 807 690 primumi

238 724 296 776 niv.
322 721 357 786 8,
382 719 414 785 8,
438 719 465 773 3.
493 719 591 790 clipeis
617 733 702 777 antea
726 725 851 781 Romani
876 729 921 782 uti
946 738 1028 781 eunte
1057 727 1171 793 deiude,

194 818 345 879 postquam
365 805 543 875 stipendiarii
561 801 636 873 facti
660 793 742 902 iuret,
768 821 846 902 sputa
869 829 921 881 pro
939 811 1038 882 clipeis
1056 809 1173 882 feceret

195 901 224 946 et
241 889 318 962 quod
338 899 422 943 antea
448 888 606 959 phalanges
631 889 736 944 similes
762 893 966 960 macedonicis,
993 894 1046 950 loc
1071 907 1174 969 postea

95 973 98 978 ’
196 971 395 1045 usaaipulatim
415 985 520 1028 structa
539 978 613 1027 acies
631 978 722 1045 coepit
746 995 815 1033 esre.
852 979 997 1034 Postremo
1021 982 1051 1035 io
1076 979 1174 1052 plures

194 1059 308 1114 ordines
327 1057 539 1112 instruebantur.
562 1059 608 1112 ubi
629 1056 675 1110 alii
693 1059 769 1112 codd.
789 1071 862 1116 arete.

170 1157 177 1164 ⁸
232 1159 617 1227 Plin.Hist.n.4,11,18.
644 1161 782 1232 oppidum
806 1160 857 1216 sub
884 1161 1174 1237 Rhodopervouero.

197 1245 275 1319 polis
295 1257 392 1308 antea,
429 1262 497 1299 moa
519 1267 539 1301 a
566 1246 710 1304 conditore
737 1245 967 1321 Philippopolis,
993 1233 1099 1320 auu'aa
1115 1255 1174 1310 titre
1219 1288 1223 1298 ·

205 1331 389 1392 Trimontium
408 1328 494 1386 dicta.

476 1487 810 1592 ANTEHAC.
864 1563 866 1568 .

211 1683 311 1750 Recto
325 1684 470 1769 faciunt,
495 1686 552 1836 pini
569 1686 604 1750 in
621 1705 785 1753 suranae
805 1708 876 1753 non
897 1687 1085 1776 intelligunt
1107 1689 1174 1755 Ιιοο
1235 1673 1241 1684 “

59 1835 63 1844 ,
129 1792 193 1860 pro
208 1771 293 1836 leaeo
309 1771 445 1853 dietum,
466 1794 501 1838 se
541 1772 717 1838 ablativum
732 1773 782 1843 ita
796 1775 1031 1862 compositum,
1056 1795 1192 1860 quem-·
1241 1791 1243 1804 ·

129 1856 310 1921 admodum
328 1855 496 1922 formatur
518 1855 649 1938 adbuc,
670 1869 895 1944 quopropter,
916 1859 1091 1924 hactenus.
1135 1859 1184 1924 ld*

130 1941 201 2006 fieri
218 1965 333 2029 posse,
359 1942 424 2008 iani
441 1942 630 2010 Perizonius
656 1945 696 2006 ad
714 1944 837 2008 Sanotii
852 1945 934 2008 Min.
952 1946 992 2027 4,
1012 1946 1045 2009 4.
1067 1967 1105 2031 p.
1120 1950 1175 2012 72.

130 2027 305 2092 arbitratus
324 2038 384 2092 est.
419 2026 535 2114 Inepte
551 2028 778 2116 explicuerunt
794 2029 849 2096 alii
866 2029 1003 2128 plurimi
1018 2052 1079 2116 per
1095 2043 1175 2096 aute

128 2114 393 2200 ltaecuegotiu,
414 2111 603 2201 sivefocta.
645 2115 792 2178 Donatus
818 2113 952 2201 quidem
977 2115 1018 2180 ad
1041 2115 1176 2183 Terent.

129 2199 232 2264 Andr.
250 2205 287 2279 1,
311 2204 351 2280 2,
376 2203 427 2264 16.
451 2201 737 2286 anticleac]pro
760 2203 1195 2267 uutctaccconsuetum

130 2284 212 2350 diue
229 2285 345 2371 magia
366 2307 468 2372 quam
482 2288 618 2351 ratione
634 2286 771 2350 dicitur.
793 2307 871 2352 nam
895 2291 940 2352 ita
963 2287 1175 2352 scribendum
1222 2299 1224 2304 ’

132 2393 202 2435 esse
218 2393 318 2435 nemo
333 2391 404 2435 non
429 2371 527 2436 videt.
578 2372 643 2436 Sed
682 2374 891 2458 rammaticus
909 2373 979 2462 ipso
1000 2372 1178 2439 vehomen-

129 2467 183 2522 ter
202 2467 304 2520 errat:
337 2479 415 2522 nam
437 2457 503 2521 leuc
528 2474 595 2522 non
622 2393 732 2524 auium
756 2460 795 2524 de
815 2459 911 2540 loeo,
940 2459 998 2524 sed
1021 2461 1119 2524 etiam
1135 2459 1176 2523 de
1225 2485 1231 2492 ·

130 2553 284 2632 tempore
301 2542 365 2606 dici
379 2553 526 2631 poterat:
554 2567 661 2631 neque
677 2565 782 2609 unum
802 2544 997 2610 vocabulum
1012 2545 1099 2609 liora
1117 2557 1187 2622 est„

133 2629 224 2715 quod
239 2629 483 2694 substituamus.
525 2628 628 2705 Illud,
654 2631 744 2718 quod
761 2631 906 2719 Scaliger
921 2631 960 2696 ad
969 2630 1085 2716 Virgil.
1102 2628 1176 2693 Cul.

131 2720 165 2780 3.
188 2713 303 2796 affert,
338 2715 498 2780 Varronis
521 2715 745 2802 boopropter,
780 2739 850 2780 non
884 2716 1010 2784 dietum
1040 2725 1089 2778 est
1113 2733 1176 2801 pro

132 2801 218 2865 boec
257 2807 392 2885 raptor,
417 2801 474 2866 sed
491 2797 588 2864 habet
603 2801 638 2868 tn
654 2823 689 2864 se
705 2800 883 2866 ablativum
900 2800 1063 2864 eumdem.

216 2822 382 2972 dignificat
406 2901 573 2950 suranae
605 2885 770 2949 antehoc
806 2896 959 2971 tempus,
998 2893 1074 2948 ante
1096 2881 1179 2948 illud

127 2981 284 3058 tempusa
314 2969 479 3061 porilem,
513 2975 637 3056 προτοῦ.
697 2971 923 3060 Opponuntur
957 2969 1065 3051 nunc,
1105 2969 1179 3059 iam

131 3066 166 3122 et
185 3067 276 3122 lunc·
380 3069 385 3081 ⁴
701 3065 705 3072 ⁸

234 3178 317 3230 Plane.
332 3177 406 3246 Gapt.
428 3175 463 3238 2,
485 3175 520 3243 1,
544 3171 588 3228 47.
605 3175 683 3248 quod
693 3133 821 3230 'antebac
838 3194 890 3248 pro
911 3177 969 3250 iure
985 3169 1180 3245 imperitabam

201 3278 282 3328 meo,
302 3282 372 3316 nunc
392 3270 420 3315 te
439 3278 488 3314 oro
509 3279 560 3332 per
576 3279 693 3331 precem.
735 3264 846 3316 Terent.
865 3262 947 3316 Andr.
966 3260 997 3323 1,
1018 3260 1052 3322 2,
1072 3258 1113 3310 15.
1130 3257 1181 3312 seri
1258 3246 1262 3252 ¹
1292 3285 1294 3289 v

201 3366 274 3402 nanc
291 3368 324 3404 aa
340 3366 383 3401 me
399 3349 539 3417 exquirere
558 3349 647 3418 iniqui
670 3350 762 3418 patrie
781 3355 842 3401 est.-
861 3366 945 3412 aaut,
972 3343 1047 3419 quod
1062 3343 1181 3398 antebac

177 3437 178 3440 ’
197 3427 292 3503 fecit,
319 3431 389 3487 nihil
418 3429 457 3485 ad
481 3449 524 3485 me
548 3433 658 3486 attinet.
673 3460 708 3472 -
736 3431 819 3484 Naue
843 3429 887 3486 liic
910 3429 969 3486 diet
988 3428 1075 3482 aliam
1092 3429 1181 3482 vitam

115 3583 118 3588 .
201 3515 296 3590 affert.
333 3514 595 3581 (limodiam-12,
614 3513 710 3578 28,6.
735 3525 818 3587 atque
839 3514 958 3570 antebac
983 3512 1181 3586 quidemyspe·
1220 3571 1224 3578 ¹

202 3621 264 3656 rare
289 3599 388 3662 saltem
414 3598 533 3654 licebat:
555 3609 626 3654 aurit
650 3603 735 3656 ctiam
753 3600 785 3656 id
803 3612 924 3672 ereptum
950 3609 1001 3653 est.
1041 3600 1104 3651 Non
1128 3598 1181 3650 alio

203 3687 283 3739 modo
302 3685 443 3740 Terentius
461 3687 542 3738 Andr.
559 3686 595 3750 2,
615 3686 646 3755 1,
662 3685 688 3741 8.
710 3699 741 3740 ut
758 3689 867 3741 arsimus
883 3688 912 3740 iu
931 3703 981 3756 spe
1001 3692 1085 3755 atque
1102 3685 1132 3739 irs
1149 3685 1183 3736 ti·

183 3776 185 3780 ’
204 3789 281 3826 more
304 3789 391 3844 usque
418 3769 536 3827 antebac
552 3780 675 3825 attentus
693 3767 775 3841 fuit,
801 3773 858 3836 ita,
882 3778 1032 3842 postquam·
1047 3767 1183 3841 adempta

164 3883 171 3892 ·
203 3871 268 3928 sper
284 3866 343 3920 est,
364 3855 454 3910 lassus
473 3859 544 3910 eirca
562 3852 709 3927 confectus
730 3866 831 3928 stupet.
857 3856 902 3908 ubi
920 3856 1054 3905 Donatus:
1082 3852 1182 3916 idest,
1253 3879 1255 3884 ·
1283 3915 1290 3943 ,

203 3953 354 4014 autequam
373 3952 422 3993 tua
439 3939 523 4008 verba
540 3941 686 3996 audirem.-
702 3951 731 3995 et
748 3940 820 3996 duas
836 3940 1060 4013 praepositiones
1075 3939 1184 4010 posuit,

204 4036 238 4080 ut
254 4025 373 4080 diciturs
389 4024 447 4079 'sed
464 4045 519 4078 una
536 4035 579 4079 est
596 4035 721 4096 tautum,
747 4025 826 4100 veliet
845 4024 1022 4089 adverbium,
1050 4042 1107 4078 noa
1126 4025 1197 4078 iam¹

204 4112 393 4182 praepositio.
422 4110 504 4165 Nulla
522 4109 628 4163 omnino
648 4122 697 4168 est.
724 4110 850 4166 Antehac
867 4119 982 4164 estante
999 4109 1051 4162 hoc
1070 4120 1182 4178 tempus,

155 4211 259 4270 ¹¹quo
277 4195 398 4268 adempta
414 4214 473 4270 spes
494 4205 543 4252 est.
578 4196 664 4252 Tacit.
680 4201 748 4257 ann.
770 4197 821 4266 16,
834 4196 877 4254 81.
911 4194 1180 4274 Plaat.Epid.51,1,
1257 4247 1259 4252 ,
