2834 4756
267 343 346 410 aaa
478 311 481 314 ’
601 391 605 402 .
716 295 866 404 aries.

204 484 207 492 ’
269 469 339 560 aiiii
353 489 644 575 exclamationibus
665 511 728 578 per
746 491 809 573 ab,
830 510 890 568 ea,
907 509 977 574 pro
1003 485 1168 556 formatis.
1198 487 1313 569 Quare
1368 503 1375 508 ·

269 603 373 668 quum
388 581 520 646 Plautus
536 577 615 640 dicit
629 575 730 642 Most.
746 582 766 642 δ
776 625 786 658 ,
810 579 849 656 2,
872 575 944 638 159.
962 597 1078 662 apage
1095 575 1198 638 iatum
1216 598 1240 638 a
1257 599 1313 640 me

193 653 198 677 ¹
261 666 511 752 perductarem,
526 683 596 728 non
611 661 763 738 idem'est
778 657 879 746 quod,
892 658 994 746 abige
1010 685 1034 724 a
1049 659 1218 724 meiatum
1225 683 1311 745 per-

266 751 451 816 ductorem.
493 747 592 811 Verbi
614 747 708 811 notio
725 745 901 812 evanescit:
924 767 1001 810 nam
1041 745 1108 809 uod
1129 745 1164 809 in
1187 747 1309 832 graecis

266 833 398 924 semper
412 831 555 898 refertur
571 831 611 895 ad
626 853 803 919 personam
821 830 982 916 aliquam,
1003 767 1039 895 id
1060 831 1095 894 in
1116 829 1221 910 latino
1246 853 1310 896 vo-

268 922 384 987 cabulo
398 918 505 984 induit
519 917 752 983 interiectionis
772 915 929 981 formam.
971 915 1076 1001 Igitur
1099 916 1188 1001 quod
1210 939 1308 1003 saepe

100 1028 103 1036 ·
139 1016 145 1036 ¹
254 1008 386 1078 dicitur
395 1026 512 1090 apage
526 1014 558 1068 te
575 1025 598 1066 a
614 1025 677 1086 me,
696 1021 768 1066 non
783 1004 960 1067 arctiorem
973 1001 1308 1069 habeteonstructio-

151 1111 153 1118 ’
265 1115 361 1164 nem,
383 1111 480 1175 quam
499 1109 600 1175 quum
617 1086 728 1175 Lydus
744 1089 833 1174 apud
856 1087 1007 1152 Plautum
1025 1108 1135 1152 secum
1160 1085 1309 1172 loquitur

264 1175 420 1244 Bacche
431 1222 449 1252 s.
472 1177 509 1252 1,
527 1174 558 1238 5.
582 1195 699 1260 apage
714 1173 800 1237 istas
822 1196 846 1236 a
860 1195 914 1236 me
932 1193 1075 1237 sorores.
1118 1170 1204 1237 Illud
1220 1193 1308 1259 quo-

266 1285 330 1348 que
344 1251 428 1327 verti
443 1257 558 1324 debet:
580 1281 659 1345 weg
672 1281 737 1323 aaa
752 1258 821 1322 mir
834 1257 897 1322 mit
912 1256 979 1322 dir.

345 1379 491 1443 Vtuntur
512 1376 618 1440 Latini
636 1376 698 1442 hac
721 1375 869 1463 formula
892 1377 935 1441 in
962 1376 1156 1443 amoliendis
1187 1385 1220 1442 et
1249 1399 1308 1442 re·
1333 1439 1337 1449 ,

263 1463 409 1532 iiciendis
422 1463 520 1526 'rebus
535 1463 602 1526 sive
621 1461 834 1544 hominibus,
856 1461 912 1526 sed
931 1471 1060 1526 tantum
1074 1463 1109 1527 in
1123 1461 1310 1528 vehementi

257 1561 361 1636 utque
374 1548 533 1614 iracundo
557 1558 589 1612 et
610 1545 798 1615 fastidiente
814 1569 986 1627 sermone,
1013 1569 1102 1630 non,
1130 1556 1166 1610 ut
1190 1548 1308 1614 Graeci

263 1634 432 1702 interdum
450 1633 568 1715 solent,
584 1633 617 1697 in
638 1633 813 1720 tranquilla
831 1632 1096 1720 compellatione.
1119 1631 1209 1696 conf.
1227 1632 1309 1699 Eur.

264 1722 388 1786 Phoen.
421 1721 513 1785 1747.
571 1717 787 1783 Vehementia
820 1719 1035 1783 exsecrationi
1057 1719 1213 1805 proxima
1244 1741 1308 1782 ex-

257 1807 422 1896 primitur
445 1804 479 1882 in
501 1803 604 1869 Plaut.
627 1803 792 1886 Merc.'1‚
821 1810 863 1884 x2,
888 1809 941 1868 33.
972 1828 994 1868 a
1021 1827 1087 1902 age
1112 1801 1310 1869 istiusmodi

262 1889 426 1965 saltitem,
442 1911 518 1953 eum
533 1889 687 1954 cruciatu
703 1911 789 1977 quae
805 1889 955 1954 advenit.
987 1911 989 1918 ’
1031 1890 1309 1970 1·1n.2‚4,136.
1411 1885 1412 1962 J

261 1979 378 2064 Neque
392 1975 589 2040 vocabulum
604 1975 668 2050 sis,
698 1974 787 2064 quod
809 1973 979 2050 adhaeret,
1009 1995 1051 2038 ex
1065 1973 1096 2038 si
1111 1974 1159 2038 vis
1183 1985 1307 2057 ortum,

261 2063 525 2127 blandimentum
541 2061 730 2146 quoddam,
752 2071 808 2124 aut
822 2057 1063 2144 mitigationem
1088 2059 1172 2124 inse
1193 2061 1306 2142 habet,

261 2169 368 2234 neque
383 2148 487 2233 magis
504 2145 544 2209 ad
560 2145 905 2244 personam—refertur.
959 2145 1012 2208 Sic
1036 2143 1138 2209 Plaut.
1152 2146 1254 2210 Poen.
1274 2154 1304 2222 1,

147 2312 150 2320 ,
254 2239 302 2307 ·2,
325 2233 375 2297 15.
406 2253 427 2294 a
455 2253 522 2316 age
542 2253 593 2326 ssal
613 2232 734 2318 negoti
748 2242 912 2318 quantam
935 2229 973 2293 in
997 2230 1138 2294 muliere
1155 2240 1225 2295 aaa
1242 2243 1306 2296 eat.

264 2319 376 2398 Quare
391 2253 475 2380 'nillil
489 2314 645 2380 differunt
660 2339 777 2403 apage
793 2327 826 2381 et
840 2337 957 2402 apage
971 2315 1029 2378 sis.
1057 2315 1304 2380 Conscr.Plaut.

262 2403 418 2480 Trin.2‚
440 2407 478 2480 1,
504 2405 656 2465 81.'cum
678 2422 710 2465 v.
729 2403 783 2467 25.
833 2400 971 2487 Proprie
994 2400 1170 2472 diciturrde
1193 2402 1304 2482 rebus,
1411 2457 1412 2464 ,

173 2531 176 2536 -
263 2507 346 2573 quae
362 2505 433 2549 non
458 2485 607 2570 placent,
635 2506 743 2572 neque
770 2485 949 2574 approbari
970 2495 1123 2572 possunt.
1173 2487 1306 2566 Quam·
1411 2479 1412 2490 ¹

263 2573 380 2645 obrem
393 2581 577 2654 sequuntur
596 2569 695 2636 verba
721 2571 927 2658 conplacet.
957 2569 1023 2637 vid.
1047 2570 1150 2636 Plaut.
1173 2571 1246 2637 Mil.
1270 2579 1304 2656 2,

226 2727 242 2749 ‚-
260 2663 302 2736 2,
322 2657 376 2728 55.
405 2653 527 2749 appu.
547 2661 584 2731 1,
605 2661 643 2740 1,
665 2655 737 2722 154.
1262 2693 1264 2698 .

255 2817 256 2824 ,
373 2776 405 2826 In
420 2774 538 2828 Trinum.
554 2777 588 2841 2,
609 2777 643 2841 1¹,
659 2772 703 2831 25.
728 2791 822 2846 apage
839 2783 882 2840 ta,
907 2794 1005 2830 amors
1028 2793 1085 2829 naa
1103 2773 1208 2848 placas.
1225 2779 1306 2831 metri

279 2925 280 2929 Ἰ
326 2854 482 2911 restituendi
501 2880 604 2914 caussa·
619 2863 782 2914 Hermeunus
806 2861 913 2931 scripsit
932 2881 950 2915 a
970 2866 1013 2916 me
1031 2877 1141 2932 apage:
1169 2879 1220 2931 quo
1239 2881 1306 2917 ver-

245 2983 246 2992 ,
327 2943 425 3016 borum·
448 2945 541 3002 ordine
565 2963 642 3000 nemo
664 2945 931 3015 nmquamloqnutus
955 2955 1004 2997 est.
1038 2947 1070 2996 In
1085 2945 1329 3011 ranam.4,1,'

328 3027 370 3082 19.
395 3029 500 3083 codices
515 3049 604 3084 omnes
626 3033 753 3102 praebent
772 3049 866 3103 apage
882 3049 924 3084 ms
941 3033 990 3094 sis,
1011 3029 1082 3098 quod
1095 3031 1235 3084 Lambinus
1252 3050 1304 3083 ex-

274 3147 277 3154 ,
326 3113 423 3181 plicet:
442 3117 525 3169 abduc
543 3135 601 3181 me,
622 3118 644 3168 si
662 3118 716 3180 vis,
743 3133 759 3166 a
774 3116 841 3168 mari
856 3115 899 3168 vel
914 3116 1025 3168 euntis
1042 3126 1070 3168 et
1084 3115 1181 3167 talibus
1195 3116 1305 3186 pericu·-

325 3197 369 3250 lis.
403 3201 455 3252 Sed
468 3202 601 3272 Acidabus
620 3203 712 3254 statuit
729 3200 894 3254 scribendum
911 3218 969 3252 esse
985 3209 1031 3252 snt
1045 3208 1143 3273 apage
1156 3211 1185 3256 ts
1201 3203 1242 3256 sis
1257 3211 1304 3254 aut

320 3303 345 3336 a
363 3303 406 3338 ms
423 3303 472 3340 sss.

258 3381 393 3451 Praeter
425 3387 572 3452 comicos
606 3395 718 3474 poetas
747 3379 809 3453 liae
846 3384 993 3454 formula
1031 3386 1056 3452 ii
1091 3397 1220 3452 tantum
1253 3387 1304 3452 uti
1411 3429 1412 3446 .

257 3477 424 3618 poterant,
447 3474 501 3557 qui
518 3475 554 3540 in
570 3473 718 3559 epistolis
737 3483 770 3538 et
789 3472 824 3537 in
838 3473 925 3540 dialo
950 3476 975 3538 is
991 3495 1183 3538 sermonem
1199 3471 1303 3537 fami-

272 3554 381 3622 iariter
411 3558 620 3644 loquentium
650 3559 870 3624 imitarentur.
928 3495 971 3623 in
1001 3558 1170 3622 Ciceronis
1207 3557 1302 3623 libris
1411 3561 1412 3570 ³

257 3640 387 3707 utillum
405 3645 596 3732 exemplum
618 3644 750 3708 obvium
773 3647 832 3710 et.
874 3643 960 3708 Nam
979 3643 1119 3730 quodie
1140 3643 1304 3729 aliquibus

259 3723 426 3792 codicibus
450 3727 552 3795 Tusc.
574 3732 695 3808 2.18,
717 3730 769 3794 42.
790 3668 914 3816 legitur
939 3728 981 3794 de
1004 3729 1304 3800 exercitatione'et

256 3812 495 3894 consuetudine
512 3829 545 3881 et
561 3815 844 3879 commentatione
860 3812 945 3880 dixi.
988 3814 1115 3900 Apage
1132 3814 1189 3886 sis,
1212 3836 1306 3879 nasac

257 3892 301 3958 de
322 3899 458 3963 ratione
480 3896 665 3968 videamus.
698 3899 732 3962 id
757 3908 868 3987 aperte
888 3898 1094 3965 falsum'est.
1147 3897 1307 3968 Gebhar·
1411 3897 1412 3960 i

256 3979 317 4042 dus
340 3982 375 4046 in
404 3994 546 4070 quatuor
596 3983 723 4052 alatinis
756 3983 881 4049 invenit
907 4007 1043 4071 agoge,
1081 3984 1171 4070 quod
1192 3984 1305 4050 miror
1411 3991 1412 3996 ’

255 4065 353 4131 etiam
371 4091 388 4131 a
408 4071 554 4138 Gesnero
569 4011 606 4138 in
620 4067 721 4134 Thes]
738 4074 865 4158 paea.
888 4069 1069 4156 probatum
1087 4090 1155 4134 csse
1178 4090 1302 4155 graeco

252 4169 315 4218 usu
330 4153 421 4225 verbi
436 4153 535 4244 tyara
578 4155 727 4227 Vatinius
752 4155 795 4224 ad
814 4156 883 4223 Gie.
900 4155 964 4244 Ep.
979 4155 1021 4240 5,
1046 4159 1107 4242 10,
1126 4159 1160 4222 2.
1181 4176 1306 4244 apage
