2858 4750
552 235 558 270 1

316 521 383 573 Eun.
394 513 430 580 4,
446 510 483 577 4,
499 509 544 566 27.
564 507 684 582 agedum
706 502 760 563 lior
779 505 849 586 milri
863 506 966 582 expedi
984 481 1113 583 piimum.
1139 511 1185 564 nbi
1201 509 1295 565 Done-

316 615 371 656 tae:
391 600 457 654 dum
470 593 608 666 παρέλκοι)
622 606 672 658 cst,
690 595 846 650 etadiuvat
862 591 997 650 exanimo
1013 595 1180 669 loquentem.
1198 597 1296 648 Heant.

229 709 235 728 ι
317 681 604 752 2,3,69.αμ,1ωη
627 683 768 747 uicissim,
800 683 889 755 Syre,
909 681 969 746 dic,
989 699 1061 753 quae
1083 680 1175 734 illa'st
1197 681 1297 735 altera.

320 773 374 824 Cic.
389 788 415 838 p.
434 765 569 830 saluus,
588 765 631 818 72.
657 766 786 836 Agedum
806 761 933 836 conferte
948 785 1020 818 nunc
1042 786 1103 820 cum
1126 764 1187 820 illis
1207 770 1297 820 vitam

321 858 353 912 P.
371 851 476 910 Sullae.
498 850 555 900 Liv.
572 848 606 912 7,
636 847 669 914 9,
688 848 714 916 8.
741 869 820 920 quem
844 871 931 916 nune,
960 853 1066 923 inquit,
1092 853 1187 906 Roiaa
1207 854 1297 907 virum

316 939 507 1016 fortissimum
523 931 622 996 hahet,
641 932 776 1001 procedat
791 934 910 1006 agedum
926 933 966 986 ad
982 954 1115 1006 pugnam.
1142 935 1175 1002 7,
1194 933 1238 1002 34,
1256 936 1297 989 11.

266 1081 268 1091 .
318 1023 462 1099 agitedum
476 1025 515 1075 ite
530 1036 641 1072 naccum.
676 1012 737 1069 coll.
755 1015 804 1084 44,
822 1017 874 1083 38,
893 1016 918 1069 4.
945 1017 978 1083 5,
995 1016 1029 1072 52
1039 1056 1049 1082 ,,
1066 1020 1091 1072 9.
1114 1020 1299 1078 recordamini

320 1108 480 1182 agitedum,
499 1104 609 1178 quoties
623 1121 702 1156 sacra
718 1105 915 1158 instaurentur.
935 1105 1132 1156 Drakenborch.
1147 1103 1182 1156 ed
1199 1107 1257 1158 Liv.
1270 1107 1297 1172 3,

319 1195 369 1259 62,
387 1189 413 1243 4.
431 1191 512 1241 multa
528 1189 646 1260 exempla
660 1186 777 1255 'collegit
805 1187 964 1251 catullus,
982 1187 1025 1239 78.
1045 1189 1181 1260 agedum,
1199 1192 1297 1264 iuquit,

320 1299 375 1352 age
398 1273 499 1350 feroti,
525 1275 544 1328 i·
571 1272 705 1324 claudian.
730 1274 808 1324 Cous.
829 1274 906 1323 Prob.
924 1284 951 1324 et
974 1273 1089 1326 01.129.
1104 1275 1154 1346 dio
1168 1275 1296 1348 agedum,

323 1383 392 1438 quae
408 1363 506 1414 daussa
524 1359 612 1412 viae?
633 1357 828 1408 ubiBurmann.
852 1355 912 1420 dic,
931 1377 985 1432 age
1004 1357 1051 1411 dic
1072 1359 1194 1413 coniecit.
1230 1363 1297 1414 stat.
1412 1404 1413 1420 ,

320 1449 403 1502 Theb.
420 1445 454 1510 7,
470 1440 529 1496 126.
547 1440 667 1513 agedum
681 1437 798 1510 inferias
815 1449 842 1494 et
857 1439 939 1496 busta
953 1441 1087 1500 colamus.

320 1557 370 1617 ¹3.
405 1550 552 1633 Augetur
583 1545 631 1610 vis
659 1544 816 1608 orationis
850 1544 1090 1631 duplicatione,
1122 1545 1210 1612 utin
1232 1546 1296 1612 illis

255 1635 406 1706 Terentii
430 1655 516 1720 age,
547 1652 616 1716 age
637 1628 718 1693 cedo
742 1629 829 1693 istuc
854 1641 950 1694 turem
973 1632 1161 1697 consilium.
1194 1632 1298 1698 Plaut.
1328 1705 1329 1713 ¹

248 1724 346 1792 asin.
363 1729 400 1801 1,
426 1725 464 1800 1,
487 1720 539 1781 27·
563 1738 644 1802 age,
669 1738 737 1801 age
753 1733 855 1802 usque
869 1738 1016 1781 exscreo.
1030 1717 1297 1784 mercantium.

186 1799 959 1895 'QQQQQMQM.1

338 1933 378 1999 Π.
425 1938 465 2004 1.
486 1930 641 1993 Oratores
657 1927 718 1992 hac
733 1948 812 2013 voce
830 1936 978 2009 utuntur,
1000 1927 1058 1994 ubi
1072 1939 1245 1996 transeunt
1260 1929 1300 1994 ad

257 2022 354 2088 eliam
368 2040 452 2092 rem,
474 2025 582 2100 atque,
604 2015 654 2093 iis,
681 2035 763 2099 quae
783 2015 993 2098 praecedunt,
1016 2015 1192 2098 absolutis,
1213 2015 1298 2081 hane

257 2112 268 2174 i
293 2129 363 2172 sam
379 2114 550 2186 tamquam
567 2101 730 2162 maiorem
746 2107 779 2160 et
797 2100 983 2182 graviorem
1005 2111 1043 2164 ut
1065 2125 1120 2166 ma
1142 2102 1170 2164 ie
1193 2112 1300 2166 atten-

259 2132 357 2266 iant,
380 2187 546 2250 auditores
566 2193 715 2254 evocant.
736 2182 849 2267 Neque
869 2184 969 2268 igitur
990 2185 1080 2250 abest
1095 2125 1301 2251 arihortatio-

181 2325 184 2352 .
221 2339 224 2344 .
257 2278 308 2342 nis
324 2277 393 2350 vis,
416 2290 617 2360 quamquam
632 2289 729 2354 saepe
743 2289 813 2330 non
829 2270 934 2354 magis
949 2269 1034 2336 valet
1050 2273 1183 2338 aciem.
1236 2335 1238 2346 ,

361 2394 415 2446 cic.
430 2411 457 2461 p.
474 2389 545 2441 Sulla
564 2387 615 2453 26,
636 2385 679 2441 72.
705 2387 832 2456 expositis
854 2389 983 2442 Catilinae
1006 2401 1034 2442 et
1057 2388 1166 2443 Antonii
1186 2390 1302 2442 moribus

325 2465 428 2550 pergit:
446 2475 567 2548 agedum
591 2470 718 2543 conferte
733 2491 879 2526 nunccum
902 2473 961 2528 illis
979 2475 1067 2540 uitam
1090 2477 1121 2532 Ρ.
1142 2475 1248 2531 Sullae.
1275 2493 1302 2544 p.

330 2567 402 2630 Lege
417 2562 488 2612 Man.
504 2557 551 2624 14,
567 2557 610 2612 89.
632 2577 686 2630 age
699 2575 765 2610 uero
785 2561 879 2613 ceteris
895 2557 1018 2614 iurabas
1040 2561 1131 2635 qualis
1148 2563 1187 2615 sit
1202 2571 1303 2630 tempe·

268 2690 270 2698 .
327 2649 420 2702 rancia
442 2644 623 2698 considerate.
656 2663 682 2713 p.
704 2641 760 2692 Mil.
778 2640 831 2706 21,
855 2639 899 2697 65.
928 2643 992 2716 Age
1012 2663 1084 2700 nunc
1107 2649 1161 2700 iter
1180 2633 1304 2715 expediti

265 2791 268 2801 ,
323 2729 447 2786 latronis
469 2749 529 2788 rum
543 2728 671 2786 Milonis
694 2727 900 2798 impedimentis
920 2743 1089 2799 comparate·
1116 2730 1162 2780 ubi
1183 2728 1304 2780 nonnulli

326 2819 429 2872 codices
447 2818 531 2886 agite·
550 2813 597 2866 sed
611 2814 662 2866 vid.
679 2814 804 2865 Garaton.
821 2824 848 2865 et
862 2832 888 2882 p.
909 2815 1012 2868 Fontei.
1028 2814 1076 2882 15,
1104 2815 1149 2870 86.
1168 2815 1200 2868 de
1214 2815 1303 2881 Divino

328 2905 363 2969 1,
379 2902 430 2968 23,
448 2891 497 2974 esis
512 2919 565 2972 age
579 2919 647 2956 nunc
663 2898 702 2952 ad
716 2909 830 2952 arcuna
844 2898 996 2956 redeamus.
1274 2913 1277 2924 “

341 3003 374 3072 2.
403 3000 517 3068 Animi
531 2997 746 3066 attentionem
761 2995 798 3064 ui
812 3001 974 3084 excitent,
996 3023 1064 3090 age
1088 3001 1305 3090 praemittunt

218 3139 231 3166 .
259 3094 360 3246 ,3223
375 3097 468 3171 tum,
492 3107 595 3176 quum
611 3081 733 3174 aliquid
747 3083 1033 3154 demonstraturos
1050 3108 1085 3152 se
1108 3109 1178 3152 esse
1202 3086 1304 3175 signi-

376 3291 429 3347 cic.
445 3313 472 3364 p.
492 3296 570 3346 Rosa.
586 3295 642 3344 Am.
658 3289 692 3345 37
701 3324 708 3357 ‚
729 3285 788 3344 108.
808 3287 862 3363 age
875 3307 946 3342 nuuc
962 3307 997 3342 erc
1015 3290 1105 3362 ipsius
1129 3290 1306 3365 Chrysogoni

328 3377 432 3433 iudicio
458 3379 626 3432 Rosciorum
639 3373 756 3446 factum
784 3374 996 3429 consideremus.
1030 3377 1149 3428 Lactant.
1172 3378 1259 3428 Instit.
1279 3371 1307 3442 4,

305 3521 308 3526 ,
329 3461 374 3527 24,
393 3462 417 3513 1.
446 3459 596 3525 Quomodo
613 3462 692 3513 etlam
703 3461 888 3597 VirgilzGeor.
898 3456 925 3520 4,
942 3454 1000 3509 149.
1021 3473 1093 3513 nuuc
1105 3462 1176 3534 agei
1193 3474 1308 3518 natam

122 3631 125 3639 1
218 3616 222 3622 ⁴
330 3545 432 3618 apibus
446 3565 515 3621 quas
532 3549 660 3618 Iuppiter
677 3549 738 3617 ipse
752 3544 791 3599 ad
812 3543 883 3609 idit,
902 3541 1058 3612 expediam.
1083 3539 1197 3613 Aenii,
1213 3543 1274 3600 ⁷56.

153 4179 155 4184 ·
182 4222 187 4229 ,
263 4178 326 4248 per
348 4179 418 4248 age
439 4157 486 4226 ita
507 4155 599 4226 inten
625 4157 707 4244 tur,
734 4165 771 4222 ut
794 4157 861 4228 eiua
887 4158 956 4226 vim
976 4177 1013 4224 re

343 3648 401 3714 Ill.
445 3645 598 3714 'sentium
620 3669 721 3733 genus
747 3670 784 3712 ea
809 3643 1043 3742 complectitur
1066 3650 1235 3737 exempla,
1272 3649 1306 3713 in

262 3731 379 3819 quibus
395 3753 456 3820 per
469 3733 697 3832 praepositum
712 3749 783 3798 Aou
799 3742 854 3794 aut
870 3731 897 3793 is
906 3778 916 3811 ,
942 3725 983 3794 ad
998 3753 1097 3816 quem
1115 3757 1149 3798 se
1167 3757 1308 3799 conver-

261 3822 303 3882 tit
316 3835 446 3900 sermo,
468 3815 641 3883 metantius
658 3815 887 3906 compellitur,
912 3826 966 3878 aut
991 3817 1062 3905 ipsa
1086 3821 1199 3888 oratio¹
1223 3823 1309 3918 pro·

262 3912 416 3968 movetur
440 3913 472 3968 et
496 3902 715 3969 convertiturs
746 3899 836 3989 quod
858 3899 993 3987 quidem
1017 3905 1061 3969 ob
1085 3905 1308 3993 multiphcem

263 4005 410 4052 caussam
424 3985 497 4051 fieri
512 3996 634 4075 potest.
853 4019 858 4032 ·
1172 4001 1175 4008 ’

349 4078 379 4138 1.
409 4072 516 4160 Atque
531 4074 592 4137 ista
633 4069 704 4134 rior
716 4069 801 4136 ratio
823 4070 905 4137 haec
923 4081 991 4154 est,
1014 4093 1077 4224 gua
1090 4067 1125 4141 in
1143 4072 1308 4158 errogatio

1037 4155 1115 4224 dere
1139 4161 1307 4247 possimus
