2866 4754
430 364 437 393 ι
578 320 755 408 surn'
891 352 959 406 μ
1104 345 1185 412 sss

196 508 263 554 sets
280 495 362 553 dieat.
395 495 465 554 illud
482 495 576 548 tetrum
596 506 654 562 est,
672 497 724 548 hec
744 497 812 550 hene
828 511 857 549 se
872 496 999 564 hebebit,
1014 499 1039 552 si
1056 499 1167 570 legetis:

159 657 162 664 .
195 589 243 662 qui
263 583 322 638 dies
333 578 452 654 futuras
470 589 542 638 esset
561 582 590 634 in
607 582 745 638 ants-die
769 583 799 639 V
796 584 814 636 1
826 580 879 636 eal.
897 601 965 640 nov.

232 707 287 762 cic.
308 707 412 771 adstAtt.
428 705 461 770 8,
481 705 522 760 17.
541 703 577 759 de
609 704 714 782 Quinto
736 701 833 776 fratrs
851 709 943 762 nuntii
961 703 1041 764 nohis
1064 710 1169 780 mittet,

194 807 245 847 nac
259 794 332 846 varii
349 801 481 846 venerant
499 809 534 844 ex
550 800 616 843 ants
634 789 845 847 ditmannum.
863 809 947 864 usque
965 791 1004 844 nd
1020 793 1094 864 prid.
1111 794 1169 854 eal.

126 879 129 896 '
195 888 266 948 sept.
290 878 364 945 quasi
382 875 480 926 dictum
499 885 568 928 esset
586 893 635 944 pro
656 893 691 930 ex
708 879 809 930 nonies
826 877 896 961 qnod
910 893 964 928 non
981 887 1087 946 poterat
1105 879 1167 932 dici.

195 960 303 1013 Excidit
321 978 442 1012 numerus
461 978 497 1014 ss:
515 980 542 1012 n.
558 959 586 1012 d.
606 961 657 1014 111
672 979 736 1014 noa.
780 962 831 1013 Sed
848 963 881 1013 ed
896 962 964 1013 hane
985 962 1167 1032 loquutionem
1196 953 1201 972 i

197 1045 389 1100 defendendam
413 1045 527 1097 afferunt
551 1044 702 1098 testimonia
724 1046 982 1111 iurisconsultorum,
1007 1049 1114 1118 leisni
1138 1051 1168 1103 in

158 1151 161 1156 ’
195 1133 257 1199 Dig.
277 1128 321 1194 45,
338 1129 365 1202 ,1,
385 1129 427 1184 18.
445 1133 493 1205 qai
513 1130 731 1186 ansemundus
753 1135 896 1204 proximan
916 1129 1074 1202 stipulatur,
1091 1137 1169 1190 simi·
1277 1141 1279 1150 “

198 1216 234 1271 lis
260 1225 302 1281 est
323 1216 366 1277 si,
401 1218 450 1288 qui
474 1214 599 1270 calendis
634 1215 796 1286 stipulatur.
844 1217 917 1268 Haec
938 1215 1029 1268 Bosins
1051 1217 1086 1268 sd
1111 1219 1168 1274 cic.

197 1303 274 1372 epist.
292 1303 326 1354 ad
342 1303 396 1352 Att.
414 1301 445 1364 1,
467 1300 492 1356 1.
509 1301 547 1351 ita
564 1301 675 1370 decipit,
694 1311 724 1352 nt
741 1301 814 1370 ipsas
833 1300 958 1353 calendae
978 1299 1106 1353 dicentur.
1133 1305 1169 1358 At
1252 1298 1257 1303 ’

196 1397 297 1455 tempus
314 1397 374 1438 ante
392 1385 514 1438 calendas
532 1387 674 1455 opponitur
688 1387 800 1456 tempori
818 1394 879 1454 post
898 1382 1035 1448 calendas,
1051 1385 1169 1456 illudque

197 1470 394 1540 comprehendit
411 1479 554 1522 extremum
578 1469 717 1522 terminum
742 1471 776 1522 ad
798 1468 994 1538 stipulationem
1019 1469 1169 1526 solvendum
1257 1493 1260 1499 ¹

157 1577 159 1584 ⁴
197 1573 364 1617 concessum,
391 1556 461 1632 ipsas
484 1555 614 1634 calendas.
645 1555 750 1608 Paullus
777 1555 805 1606 in
823 1555 884 1622 Dig.
902 1548 956 1617 50‚'
971 1549 1021 1618 16,
1041 1552 1101 1610 182.
1119 1576 1170 1610 arr-
1272 1585 1279 1602 ,

195 1639 305 1696 siculus
322 1641 476 1703 emittitur,
504 1642 551 1712 qui
570 1649 691 1697 extremo
709 1641 778 1694 anni
795 1638 842 1712 dis
860 1641 993 1703 moriter,
1011 1631 1038 1691 it
1060 1639 1170 1696 consae

198 1726 268 1779 tudo
288 1723 420 1796 loquendi
445 1722 475 1774 id
492 1726 535 1776 ita
552 1741 609 1786 esse
626 1722 770 1783 declarate
795 1723 951 1781 antediem
972 1722 1105 1778 decimum
1124 1747 1170 1780 ca·

198 1809 358 1874 lesdarum,
376 1819 443 1879 post
462 1807 536 1861 diem
556 1805 692 1864 decimum
707 1807 894 1874 calendarum,
913 1811 1088 1880 nequeenim
1107 1819 1169 1866 stro

196 1911 320 1950 sumone
337 1891 462 1946 undecim
485 1891 544 1946 diss
562 1891 766 1964 significantur.
801 1893 835 1944 de
857 1909 909 1960 quo
931 1892 991 1944 loco
1016 1893 1170 1950 innumerae

199 1977 304 2032 exstent
322 1977 528 2046 disquisitiones.
551 1978 602 2030 Sed
619 1979 735 2048 pertinet
750 1978 802 2029 hoe
821 1978 854 2029 a'd
870 1977 942 2028 illem
960 1979 1090 2032 rationem
1105 1981 1169 2033 uni,-

197 2083 307 2129 vsrsam‚
326 2080 376 2134 qua
393 2062 480 2114 Latini
498 2063 709 2118 immorandis
725 2063 892 2116 celenderum
904 2063 1000 2115 diebus
1018 2065 1093 2117 simul
1109 2077 1170 2122 ter·

197 2150 260 2202 mini
279 2150 346 2201 diem
365 2157 593 2216 computaverunt,
621 2159 649 2201 et
665 2157 732 2221 apte
749 2146 822 2202 diem
840 2147 975 2203 decimum
993 2149 1171 2208 calmacus

3 2265 6 2274 =
92 2261 99 2269 ·
199 2228 323 2289 dixerurit
341 2249 389 2304 pro
410 2231 457 2287 dis
476 2231 582 2306 decimo
599 2243 667 2288 aute
683 2232 823 2288 calendas.

166 2343 170 2348 '
234 2343 286 2392 Cur
311 2338 457 2398 universnm
484 2337 553 2388 hunc
576 2355 649 2388 usum
665 2310 823 2391 Latini'non
840 2335 868 2392 in
886 2337 1012 2394 vocabulo
1033 2351 1100 2412 pust
1118 2341 1170 2396 ad-

201 2423 336 2490 miserint,
354 2440 438 2492 neque
455 2439 576 2491 nmquam
593 2423 708 2476 dixerint
725 2434 792 2494 post
811 2425 923 2478 tertium
942 2423 1087 2493 calendas,
1105 2428 1172 2499 ipsis

199 2509 315 2562 calendis
334 2507 535 2578 comprehensis,
553 2511 696 2563 enitentia
717 2508 763 2564 dis
781 2507 930 2575 calendass
941 2511 1076 2566 intellecto
1093 2525 1171 2586 port,

93 2648 97 2653 ,
146 2603 153 2614 ’
203 2597 303 2646 frustra
323 2593 450 2665 quaesivit
471 2593 610 2644 Salmasius
625 2594 654 2646 in
670 2594 753 2664 Epist.
771 2613 797 2665 p.
815 2595 875 2650 279.
893 2607 920 2649 et
938 2597 998 2651 293.
1014 2599 1049 2650 ad
1065 2601 1170 2652 cuntio-

190 2679 277 2747 .ne1n,
303 2697 337 2730 ne
360 2677 484 2747 loquendi
501 2679 629 2730 formulas
656 2679 894 2746 confunderentur,
920 2699 1079 2752 provocans:
1103 2702 1172 2752 pro·

200 2774 292 2834 pterea
317 2763 388 2831 qnod
409 2762 553 2814 numeratio
580 2763 724 2814 obtinuerit
750 2764 778 2815 in
803 2765 1034 2834 praecedentibus,
1067 2783 1121 2818 uon
1143 2768 1172 2820 in

200 2849 432 2918 subsequentibus,
449 2847 517 2896 hane
533 2846 713 2914 loquutionem
726 2864 781 2899 non
798 2851 918 2900 usitatam
939 2865 996 2902 esse
1012 2850 1041 2902 in
1057 2865 1173 2919 sequen·-

200 2936 288 3000 tibns,
309 2935 364 2986 sive
381 2933 410 2983 in
425 2929 551 2982 vocabulo
567 2940 642 3000 post.
677 2932 826 2985 Gronovius
843 2932 921 2986 affert
936 2933 964 2985 in
980 2934 1062 3002 Epist.
1075 2933 1174 3004 pecs.
1230 2931 1233 2938 ’

201 3019 346 3089 exemplum
370 3017 471 3083 Digest.
497 3015 530 3066 de
548 3013 627 3068 Verb.
648 3015 696 3084 sig.
713 3015 782 3081 238,
802 3016 827 3073 1.
842 3016 1057 3088 praeveniendas
1074 3023 1173 3074 ianua·

137 3093 139 3099 ’
202 3102 323 3159 ricerdis
340 3103 421 3156 tertio
438 3093 490 3172 pro
500 3098 592 3154 saluts
607 3104 744 3179 principis
753 3114 823 3157 vota
841 3101 1042 3174 suscipiuntur.
1059 3102 1110 3156 hcc
1130 3115 1172 3158 est

204 3208 233 3242 a.
249 3188 277 3242 d.
302 3189 354 3243 ΙΙΙ
369 3203 433 3240 nors.
459 3189 515 3241 ian.
556 3185 609 3240 Sed
625 3203 702 3258 quum
718 3198 819 3242 veteres
835 3206 851 3241 a
871 3198 995 3240 consueto
1015 3189 1170 3244 numerandi

201 3287 273 3327 mere
290 3272 475 3338 discedebant,
494 3281 570 3324 certa
583 3288 673 3324 caussa
685 3273 807 3325 commoti
825 3287 881 3326 esse
897 3271 1035 3326 debebant.

173 3385 176 3393 ’
219 3399 276 3462 20.
303 3398 369 3462 Vix
377 3397 648 3486 operaepretium
661 3405 1011 3462 essctoommemorare
1019 3393 1172 3460 Schwar-

134 3479 193 3545 tnii
208 3503 375 3564 errorem,
406 3505 473 3570 quo
496 3483 692 3570 opinionem
716 3503 801 3569 pene
823 3479 997 3545 absurdum
1020 3479 1173 3578 concepit
1196 3538 1198 3542 .

135 3577 171 3630 et
185 3577 300 3632 contra
315 3561 490 3634 Fasciolati
502 3567 793 3656 reprehensionem
811 3564 1003 3642 vindicavit,
1023 3577 1103 3630 ante
1116 3587 1174 3630 rn-

135 3652 268 3718 tendum
292 3653 476 3742 significare
492 3665 590 3740 poet,
619 3663 651 3720 et
672 3650 883 3719 referendum
904 3673 974 3732 esse
993 3652 1030 3716 in
1051 3672 1174 3718 nume-

135 3758 214 3803 rum
236 3739 435 3817 verborum,
477 3760 634 3828 quaeres
663 3737 842 3808 contrarius
874 3736 1037 3812 indicent,
1071 3736 1174 3804 veluti

116 3455 129 3486 h

134 3822 247 3906 altus,
268 3825 332 3890 nisi
353 3824 419 3889 duo
441 3825 592 3912 exemplu
618 3823 714 3890 nllnta
739 3822 975 3909 interpretandi
1002 3832 1035 3887 et
1059 3843 1173 3888 emen·
1234 3892 1235 3896 ,
1302 3847 1308 3868 ¹»

135 3909 237 3975 dandi
250 3911 345 3977 variis
360 3911 593 3996 experimentis
610 3906 734 3974 'tentate
751 3917 870 3972 essent.
913 3907 1021 3972 Livius
1042 3907 1095 3987 42,
1119 3909 1172 3988 50,

136 4001 168 4062 1.
184 4017 318 4080 poeseos
334 4004 415 4058 ante
430 3993 502 4058 dies
513 3995 674 4075 Perseus,
684 4005 869 4083 postquam
883 3992 993 4080 legati
1008 3990 1051 4056 ab
1062 3989 1173 4056 Roma
1211 4015 1232 4061 Α

135 4080 287 4166 regressi
306 4078 552 4166 praeciderant
570 4101 667 4165 spem
684 4079 803 4166 pacis,
839 4079 1016 4143 consilium
1040 4075 1172 4142 lambuit.

136 4185 222 4251 quoe
237 4164 454 4234 schwartzius
467 4163 718 4276 interpretatura
740 4163 973 4257 pertraditum
986 4163 1172 4252 legatorum
