2858 4750
714 319 813 386 aaa.
895 287 900 292 ’

317 478 495 538 omittamus,
519 491 633 544 possam
657 475 798 532 nominare
823 489 952 548 euagre
981 473 1080 538 sabino
1107 477 1224 535 rusticos
1250 495 1294 532 ro·

317 580 423 616 manos.
440 557 484 612 ubi
503 577 586 628 neque
604 571 636 612 ut
652 561 826 614 abiiciendum
847 570 901 625 est,
927 577 1011 631 neque
1031 581 1084 634 age
1110 560 1295 632 explicandum
1314 606 1322 626 ‚

233 643 235 646 ¹
316 667 364 720 per
382 663 483 717 porro,
501 655 530 696 ut
546 642 612 697 feeit
632 645 809 700 Geruhardus.
845 651 937 717 Neque
961 646 1115 700 assenserim
1136 637 1294 714 Goerenzio,

316 734 361 804 qui
380 733 412 783 de
430 727 488 782 Fin.
506 730 539 794 2,
557 729 609 791 28,
630 730 673 784 90.
691 733 847 784 sententiam
864 729 1033 784 concedentis
1057 729 1226 799 intelligene‘,
1246 749 1294 784 re-

316 817 455 890 prehendit
472 832 534 876 eos,
554 815 599 882 qui
616 815 653 865 ita
670 801 741 868 reete
760 815 987 886 iaterpua'xerant,
1006 835 1075 888 aga,
1094 817 1219 888 inquies:
1238 818 1295 872 ista
1338 875 1345 890 ,

314 918 407 975 parva
431 909 505 952 sunt.
540 899 595 950 cte.
621 896 654 950 ad
677 901 731 954 att.
756 899 789 963 7,
817 896 841 952 1.
867 919 920 985 age
940 897 1112 954 haemulum
1131 901 1201 955 miti
1220 917 1292 954 oom-

266 979 270 988 ’
315 1005 395 1040 niune
420 995 461 1038 est
488 1001 547 1036 eum
572 983 697 1039 omnibus
748 983 912 1052 Elegantiam
941 984 1016 1038 huius
1046 984 1174 1038 sermonis
1200 1000 1293 1055 param

297 1071 448 1141 ‚perspexit
464 1069 614 1137 Ernestius,
633 1085 710 1143 quum
724 1069 807 1124 motat
825 1052 908 1141 atque
925 1069 977 1123 hoe
993 1071 1106 1124 inulam.
1134 1067 1207 1122 Dicit
1221 1072 1292 1124 enim
1361 1062 1362 1066 ¹

313 1150 419 1209 Cicero:
437 1155 484 1209 sed
500 1156 576 1206 mitte
593 1153 654 1210 hoc.
686 1155 742 1211 Nos
761 1151 902 1246 utimar5in
913 1151 961 1206 tali
978 1154 1099 1208 oratione
1117 1153 1290 1208 exclamatio-

311 1243 352 1294 nis
369 1237 504 1311 particulis
521 1239 588 1302 aab,
608 1257 635 1292 o.
670 1238 794 1294 Fortasse
816 1241 857 1292 ad¹
873 1237 944 1292 idem
965 1237 1045 1308 gentis
1068 1241 1147 1292 etiam
1169 1238 1289 1310 pertinet

232 1367 236 1389 ,
311 1314 418 1380 Terent.
451 1324 656 1389 Phorm.2,l,
678 1319 701 1376 1.
730 1328 807 1378 itane
834 1325 947 1378 tandem
971 1325 1192 1397 uxoreaeclaxit
1208 1324 1290 1378 Anti·

311 1410 369 1484 pho
388 1415 494 1465 iniussu
511 1411 595 1462 meo?
614 1429 662 1462 nee
682 1425 772 1462 meum
786 1409 946 1479 imperium,
967 1429 1020 1482 age
1035 1414 1115 1463 mitto
1135 1409 1288 1482 imperium·

311 1499 384 1550 Haec
404 1493 473 1546 enim
489 1501 549 1545 ante
569 1493 660 1546 oculos
680 1493 792 1545 habebat
811 1492 977 1549 scholiastest
996 1490 1207 1559 molesteris,
1231 1495 1286 1546 sio*

289 1582 357 1634 -uti'
376 1583 404 1632 in
428 1585 558 1647 eo,'quo
576 1579 667 1630 Cicero
690 1594 750 1634 usos
776 1589 831 1643 est,
858 1581 993 1648 legebatur
1014 1599 1047 1631 aa
1075 1577 1165 1633 mitto.
1204 1580 1285 1631 Eam-

308 1667 369 1719 dem
393 1663 537 1732 scripturae
557 1660 741 1716 diversitatem*
758 1663 822 1733 libri
845 1665 971 1718 exhibent
991 1662 1017 1716 in
1046 1662 1121 1716 Adel.
1139 1662 1173 1728 4,
1189 1649 1285 1728 4,16.
1370 1681 1376 1693 ’

309 1751 400 1805 dicam
420 1741 527 1818 fratris
551 1765 610 1802 esse
635 1740 732 1801 aanor*
756 1748 832 1822 quod
850 1748 996 1802 aeinime'st
1014 1729 1088 1818 ephe
1104 1765 1219 1823 usquam
1240 1746 1305 1820 ef-

303 1832 387 1907 ferri.
419 1852 472 1904 age
489 1832 580 1906 aiitt0.
608 1827 683 1903 fieri
701 1837 780 1904 potis
798 1845 854 1900 ast,
879 1845 911 1886 ut
930 1853 964 1886 ne
982 1852 1037 1905 qua
1055 1845 1146 1889 exeat.
1184 1835 1229 1886 alii
1249 1855 1283 1887 ae

306 1925 397 1975 mitto.
418 1923 542 1970 Praesens
558 1935 590 1971 eo
608 1916 686 1970 modo
704 1916 816 1986 dicitur,
834 1937 886 1990 quo
907 1919 970 1972 alibi
988 1919 1114 1972 futuram.
1131 1919 1185 1973 vid.
1198 1924 1281 1994 Bent-

303 2007 349 2059 lei.
367 2005 401 2057 ad
417 2005 449 2068 ⁵,
466 2003 497 2067 4,
516 2001 559 2057 23.

320 2137 351 2198 8.
381 2127 475 2194 Tum'
489 2149 556 2216 age
574 2136 606 2194 et
622 2153 689 2217 age
706 2127 817 2217 igitur
837 2139 867 2194 et
884 2150 952 2217 age
967 2149 1049 2218 ergo
1068 2131 1095 2214 is
1111 2130 1210 2211 dicia·
1223 2131 1279 2218 qui

237 2216 410 2307 acquiescit
429 2215 464 2278 in
490 2217 654 2300 aliquare
678 2219 727 2280 vet
750 2217 781 2279 in
806 2211 939 2280 alicuius
964 2217 1071 2299 dicto,
1092 2217 1137 2280 ita
1161 2239 1280 2282 conce·

236 2308 327 2384 dens,
341 2309 380 2366 ut
394 2323 469 2364 eum
487 2301 715 2364 adhortatione
733 2301 871 2386 quadam
886 2301 925 2364 ad
941 2301 1002 2364 alia
1014 2313 1140 2389 pergat.
1168 2303 1274 2366 Grae-

206 2426 210 2437 »
234 2391 263 2455 ei
279 2390 390 2452 dieunt
406 2383 480 2463 εἶεν,
513 2383 598 2450 Galli
621 2385 661 2449 elz
687 2383 774 2450 bien·
820 2381 881 2449 Vbi
904 2387 1002 2451 simul
1025 2388 1194 2472 aegritudo
1219 2386 1279 2450 ad·
1307 2395 1315 2406 ‘

232 2477 337 2540 mixta
360 2481 426 2553 est,
463 2467 513 2534 bis
537 2472 672 2559 panitur
694 2494 762 2558 age
788 2491 878 2558 age..
918 2471 1023 2560 Saepe
1053 2473 1152 2537 etiam
1186 2472 1277 2538 addi-

231 2571 287 2633 tue
310 2559 393 2630 iam.
1327 2571 1330 2578 '

332 2677 438 2730 Terent.
456 2673 536 2728 Andr.
553 2668 587 2737 3,
612 2669 706 2736 4,19.
736 2671 938 2748 Dauniacos.
973 2677 1000 2731 S.
1027 2696 1081 2749 aga
1102 2680 1208 2750 igitur:
1228 2675 1277 2731 ubi

299 2781 370 2819 nune
386 2773 428 2818 est
448 2761 548 2832 ipsus?
567 2760 600 2812 D.
619 2762 734 2825 mirum,
749 2765 779 2815 m'
794 2755 871 2815 domi
892 2773 941 2816 est.
962 2778 1028 2815 nos:
1049 2783 1105 2834 ntra
1121 2764 1276 2819 meinetwe·

296 2867 368 2922 gent
387 2865 452 2918 reug
470 2867 499 2901 es
516 2865 594 2916 seyn.
613 2843 714 2913 Adelph
740 2845 773 2910 2,
791 2847 823 2911 1,
842 2845 885 2899 47.
904 2867 982 2900 suum
998 2851 1040 2900 ius
1057 2846 1194 2918 postulat.
1212 2869 1274 2920 aga,

235 2917 240 2926 ,
297 2937 354 2988 ium
371 2937 470 3004 capia,
496 2931 579 2984 niodo
594 2927 619 2983 si
637 2941 781 3001 argentum
798 2929 907 2985 reddat.
929 2947 991 2983 nos:
1006 2952 1061 2985 nan
1079 2933 1121 2987 ich
1141 2928 1211 2989 bin's
1228 2950 1273 2986 aa·

289 3015 414 3091 frieden.
446 3015 550 3070 Phorm.
573 3013 604 3083 8,
628 3013 661 3079 3,
684 3013 727 3066 24.
767 3017 800 3070 G.
816 3028 952 3087 ,quantum
977 3028 1019 3072 est
1048 3035 1119 3090 opus
1139 3019 1271 3090 argenti?
1341 3042 1344 3046 ·

293 3104 430 3176 eloquere.
461 3104 488 3154 P.
508 3098 587 3152 solae
603 3101 719 3168 trr‘gt'utu
743 3103 841 3153 atinae.
877 3103 909 3152 G.
943 3104 1083 3176 triginta?
1112 3102 1159 3158 hui
1176 3123 1270 3174 perca·

294 3185 545 3252 ra'st,-1¹ltaedriu.
579 3187 606 3235 P.
626 3187 713 3238 istaec
738 3201 802 3236 vero
821 3181 888 3237 vilis
911 3193 960 3239 est.
997 3189 1029 3238 G.
1056 3206 1126 3258 age,
1153 3204 1206 3260 age
1223 3177 1271 3242 'ia-

217 3254 223 3269 i
292 3270 528 3334 ereatura-ddum.
563 3265 595 3335 4,
614 3264 702 3330 3,57.
730 3282 798 3338 age,
819 3287 872 3339 age
888 3273 944 3322 iam
964 3271 1066 3324 ducatu
1092 3269 1175 3326 dabo.
1204 3271 1223 3329 i.
1245 3291 1270 3330 e.

292 3371 362 3432 gut,
381 3367 448 3429 gut,
468 3376 497 3408 er
514 3341 578 3424 arag
597 3356 638 3406 sie
656 3350 806 3420 heirathea.
838 3353 891 3406 rid.
909 3355 1005 3407 Donat.
1027 3358 1061 3408 ad
1075 3357 1168 3410 Heaut.
1190 3357 1225 3421 4,
1242 3357 1269 3424 3,

291 3442 335 3496 44.
366 3447 473 3494 Peteon.
490 3439 532 3492 82.
550 3453 632 3512 qaum
653 3440 874 3492 constantissime
892 3451 918 3492 et
937 3444 1120 3494 centurionem
1136 3448 1164 3496 et
1183 3441 1269 3514 legio-

289 3516 351 3584 netrt
368 3545 454 3582 esrem
473 3528 638 3579 ementituse
654 3541 707 3594 age
723 3539 806 3593 ergo,
830 3525 920 3596 inquit
939 3519 1006 3593 itta,
1035 3529 1064 3580 t'n
1081 3530 1203 3581 exercita
1223 3543 1268 3580 ve-

202 3617 207 3627 '
291 3625 348 3668 stro
369 3610 542 3684 phaecasiati
558 3607 661 3659 militas
678 3604 847 3660 anibulant?

326 3709 381 3767 Cle,
405 3731 432 3782 p.
452 3713 546 3765 cluent
573 3709 625 3772 30,
643 3707 686 3761 82,
704 3725 772 3782 age,
798 3709 929 3779 quoniam
955 3705 1149 3782 corrumpendi
1169 3709 1266 3768 iudicii

200 3811 202 3816 '
289 3815 401 3850 caussas
419 3799 467 3850 itte
486 3796 589 3850 multus
606 3801 634 3846 et
649 3809 749 3865 graver
771 3793 888 3857 habuit,
914 3792 958 3846 hie
976 3795 1101 3860 nullum,
1122 3789 1265 3866 projectio

243 3929 246 3936 .
289 3883 377 3953 ipsius
396 3885 530 3954 pecuniae
549 3881 710 3950 requiratur.
734 3877 753 3928 ἱ.
772 3893 794 3930 e.
820 3875 854 3932 eh
882 3877 953 3933 bien.
988 3883 1082 3934 Totam
1109 3883 1266 3935 sententiam
1348 3901 1352 3908 ·

287 3964 410 4036 explanat
436 3967 527 4018 Cicero
552 3985 578 4035 p.-
604 3963 661 4014 Mil.
687 3961 737 4027 19,
767 3961 811 4014 49.
840 3983 893 4036 age
920 3975 957 4018 sit
984 3968 1026 4018 ita
1046 3959 1170 4036 fautum.
1194 3983 1266 4040 quae

194 4083 198 4090 ·
286 4059 385 4104 eau‘ssa
406 4069 453 4102 eur
471 4051 593 4118 Roaiam
611 4050 798 4118 properaret?
817 4047 857 4102 De
866 4051 962 4104 Natd.
979 4054 1004 4116 1,
1023 4049 1067 4116 30,
1085 4049 1127 4101 84.
1146 4069 1219 4122 aget
1237 4059 1265 4106 et

286 4135 331 4193 hir
346 4132 490 4190 vocabulis
516 4135 583 4191 deor
595 4131 738 4205 satiatur,
761 4133 860 4207 quibus
878 4155 897 4190 a
914 4131 995 4190 nobis
1012 4139 1209 4191 aaouiauotmr
1231 4147 1264 4192 at
