2834 4756
284 343 348 418 431
389 385 391 391 ·
698 339 792 404 AST.
835 335 908 404 ΔΤ.
958 374 967 386 -

285 473 513 588 mrerrogam.
555 493 613 560 m
628 493 680 558 uss
713 487 822 559 autem
852 491 1024 572 different,
1053 487 1236 576 inquibus
1264 508 1329 554 una

283 592 448 676 sententie
467 596 641 666 utramque
656 581 852 669 particulam
868 579 1025 643 continet.

391 709 448 762 ssic.
467 705 501 757 ad
518 705 589 755 Fam.
606 699 641 765 4,
659 701 692 764 9,
712 698 736 752 5.
754 710 785 752 at
810 693 862 752 tili
887 699 942 769 ipsi
971 695 1117 750 dicendum
1137 698 1190 750 erit
1210 693 1328 768 dliquid,

359 793 434 868 quod
460 809 517 842 non
537 789 656 849 sentias,
675 798 727 837 aut
748 781 931 855 saliendum,
957 781 1036 854 quod
1054 795 1110 834 non
1127 778 1236 851 probes·
1275 781 1330 834 Pri·

356 895 432 929 mum
451 877 569 942 tempori
588 871 707 934 cedere,
734 871 764 922 id
780 879 837 931 est·,
855 868 1013 922 necessitati
1039 883 1137 935 parere
1164 882 1271 935 semper
1289 884 1330 917 sa-

355 963 459 1033 pientis
487 969 528 1011 est
553 954 687 1010 tabicam.
721 958 778 1010 Nos
805 955 949 1006 diceremus
972 947 1091 1022 sreilicls
1110 967 1146 1000 ···.·
1164 947 1239 1004 aber.
1283 953 1330 1001 Per

250 1103 252 1116 ,
358 1057 390 1100 at
408 1041 478 1096 enim
495 1042 612 1094 inlicitur
631 1057 701 1094 nova
718 1039 865 1106 dubitatio,
881 1056 948 1108 quac
964 1051 1088 1090 concessa
1102 1027 1258 1102 iniringitai·
1275 1037 1331 1086 eliis

357 1126 528 1197 argumentis.
557 1125 589 1177 de
606 1127 710 1178 Senect.
729 1123 773 1189 19,
791 1122 836 1177 88.
855 1126 928 1178 sensi
946 1139 998 1194 ega
1014 1149 1047 1170 -υ
1065 1123 1141 1175 omni
1158 1122 1249 1174 aetati
1264 1138 1331 1174 mar-

357 1228 414 1272 tem
431 1231 490 1268 esse
509 1227 686 1266 commanem.
716 1209 756 1262 At
774 1218 869 1278 sperat
888 1204 1049 1262 adolescens
1066 1205 1114 1258 diu
1131 1221 1161 1258 se
1177 1207 1331 1258 uictamne

355 1300 432 1375 quad
450 1317 561 1368 sperare
579 1293 828 1350 idencsenesc'ncn
849 1302 954 1363 potest.
992 1294 1157 1363 insipienter
1174 1301 1280 1360 eperat.

390 1406 445 1457 Gic.
461 1399 555 1454 Parui.
572 1398 606 1463 6,
620 1398 655 1458 2,
675 1391 718 1449 86.
736 1401 800 1467 pari
822 1389 945 1449 stultitia
971 1404 1036 1448 runt
1064 1409 1133 1465 quos
1150 1396 1243 1462 signa,
1265 1411 1330 1465 qum

281 1537 284 1543 ,
337 1487 490 1550 stabulae,
509 1500 578 1556 quos
597 1481 856 1552 corinthiacum,
884 1498 954 1551 quas
972 1478 1106 1550 aedificia
1125 1497 1226 1550 nsagna
1246 1481 1329 1532 nimia

278 1639 281 1650 ι
356 1592 441 1644 opere
466 1567 615 1624 delectant.
659 1568 699 1620 Ar
726 1585 837 1644 sumus,
864 1568 1006 1636 inquiunt,
1036 1564 1160 1617 ciuitatis
1184 1567 1331 1638 principes.

364 1659 506 1714 Vescera
528 1673 562 1708 ne
583 1671 776 1706 conservorum
800 1649 912 1722 quidem
929 1661 1084 1703 vestrorum
1100 1652 1239 1722 principes
1256 1655 1332 1705 estis.

399 1759 433 1812 de
448 1757 510 1811 Nes.
528 1755 555 1806 d.
573 1754 607 1821 1,
623 1755 673 1818 41,
692 1753 752 1809 115.
769 1765 801 1806 at
817 1753 902 1807 etiam
928 1751 962 1806 de
981 1756 1144 1815 sanctitate,
1172 1751 1207 1806 dc
1225 1755 1331 1823 pietate

355 1844 487 1900 ddaersae
518 1839 587 1895 deos
615 1839 700 1900 libras
735 1843 846 1911 scripsit
873 1837 1023 1909 Epicurus.
1068 1837 1109 1891 As
1136 1822 1279 1909 qriomodo
1306 1841 1332 1891 ie

355 1931 399 1986 lu's
417 1923 560 2004 loquitpsr?
583 1925 615 1978 de
633 1929 735 1978 senecta
756 1925 806 1989 11,
823 1922 867 1981 35.
887 1935 919 1977 at
942 1927 983 1978 ita
1011 1919 1094 1976 multi
1115 1932 1179 1974 sunt
1199 1922 1332 1978 imbecilli

355 2031 452 2074 senes,
469 2021 500 2063 'ut
520 2008 627 2063 nullum
648 2003 753 2082 officii,
779 2020 831 2062 aut
852 2009 963 2062 omnino
990 2011 1067 2061 uitae
1098 2019 1196 2060 munus
1220 2008 1333 2080 exsequi

356 2100 477 2170 possint.
512 2096 551 2148 Ar
569 2095 598 2148 id
616 2094 727 2170 quidem
755 2099 813 2147 n'on
828 2095 974 2164 proprium
996 2095 1143 2146 senectutis
1162 2101 1204 2145 est
1223 2088 1332 2146 vitium.

353 2179 520 2237 Pacciola'tus
541 2185 640 2232 'temere
666 2179 745 2232 eiecit
773 2180 884 2230 alterum
908 2188 955 2230 ert:
992 2177 1160 2229 Gernherdue
1191 2177 1332 2229 admixtam

356 2268 425 2322 uidit
446 2263 545 2315 doloris
572 2264 788 2334 significationem
814 2263 1009 2331 nesciuquem.
1044 2263 1077 2315 de
1093 2263 1151 2316 Fin.
1170 2263 1203 2326 2,
1220 2261 1272 2328 27,
1291 2262 1331 2316 88.

259 2337 261 2346 s
358 2364 470 2422 uterque
495 2351 568 2402 enim
594 2363 700 2400 summo
726 2345 798 2400 bono
822 2343 943 2417 fruitur,
970 2347 1077 2411 idest,
1101 2347 1259 2418 uoluptate.
1295 2350 1332 2403 Ar

356 2438 429 2493 enim
446 2433 491 2488 lsic
509 2432 592 2484 ctiam
610 2432 716 2486 dolore.
751 2434 791 2486 Aa
808 2453 867 2486 eum
885 2431 970 2487 nilsili
981 2427 1067 2502 facit.

403 2537 458 2590 cic.
480 2534 512 2584 de
531 2535 632 2586 Senect.
651 2535 699 2598 18,
725 2531 767 2588 65.
793 2527 825 2587 at
841 2545 906 2588 sunt
929 2533 1047 2600 morosi,
1067 2545 1094 2588 et
1109 2537 1203 2600 anxii,
1231 2547 1261 2590 et
1282 2541 1332 2591 ira·

357 2621 455 2684 cundi,
475 2628 502 2671 et
522 2613 655 2690 difficilu
673 2633 769 2674 senes}
792 2623 818 2673 si
837 2623 1012 2690 quaerimus.
1040 2623 1124 2674 etiam
1149 2622 1238 2673 avari.
1279 2620 1333 2676 Sed
1399 2635 1400 2692 q

356 2708 424 2762 llaec
442 2717 548 2758 murum
567 2708 637 2759 uitia
655 2716 736 2770 serat,
751 2715 807 2756 non
825 2707 982 2759 senectutis.
1017 2702 1332 2776 chtt.9‚10.nefa-
1399 2695 1400 2720 ἶ

356 2798 416 2848 rius
435 2790 573 2860 Hippias,
591 2818 623 2830 -
641 2767 719 2844 a'rma
739 2799 837 2842 contra
856 2791 978 2858 patriam
990 2782 1097 2859 ferens.
1131 2791 1171 2844 As
1191 2789 1283 2854 Sulla,
1303 2801 1333 2843 at

358 2879 492 2938 Marius,
522 2885 553 2927 at
582 2875 670 2930 Cinna
694 2887 784 2938 recte,
811 2878 894 2928 immo
921 2877 979 2929 iure
1000 2870 1137 2944 fortasse.
1183 2875 1241 2929 Sed
1267 2874 1332 2948 quid

291 2969 293 2978 ’
359 2975 452 3017 earum
467 2961 588 3013 victoria
606 2958 764 3013 crudelius?
787 2959 822 3010 etl
840 2961 912 3014 Fam.
931 2955 964 3020 9,
985 2953 1011 3023 6,
1031 2958 1056 3011 9.
1073 2970 1105 3012 ut
1125 2962 1153 3013 in
1170 2959 1333 3031 perturbata

356 3043 501 3117 republica
524 3046 650 3100 uiuimus.
679 3039 771 3121 'Quis
798 3044 904 3116 negat?
932 3043 987 3098 Sed
1011 3042 1062 3096 lroc
1078 3044 1199 3100 viderint
1223 3047 1331 3117 ii‚'qui

357 3130 437 3187 nulla
456 3127 511 3184 sibi
528 3125 653 3183 subsidia
671 3129 709 3182 ad
727 3147 821 3182 omnes
839 3129 916 3200 vitae
933 3137 1024 3180 status
1042 3140 1217 3199 parauerunt.
1256 3132 1331 3182 nont.

358 3217 391 3269 de
408 3215 495 3268 Dicin.
512 3215 546 3280 2,
563 3213 615 3279 85,
634 3215 677 3270 74.
695 3215 756 3278 ubi,
776 3213 906 3284 particule
929 3213 1040 3279 omissa,
1056 3214 1228 3284 interrogatio
1246 3218 1332 3268 iuter-⁵

205 3313 207 3320 ’
267 3354 270 3359 ,
341 3299 472 3372 ponitur.
504 3335 508 3348 .
779 3307 784 3316 ’
883 3333 885 3345 .
987 3333 989 3344 .

362 3387 365 3396 ’
395 3385 449 3438 Cic.
476 3383 509 3434 de
536 3383 598 3434 Nat.
619 3380 645 3434 d.
661 3381 694 3448 3,
716 3381 764 3448 11,
782 3381 881 3436 27.Ar
903 3385 975 3436 enim
1000 3384 1107 3453 qaaerit
1132 3381 1211 3454 apud
1240 3384 1330 3437 Xeno-

299 3496 304 3504 ·
356 3468 490 3540 pirensem
523 3467 669 3530 Socrates,
704 3467 777 3522 unde
800 3469 923 3532 animum
947 3459 1159 3537 arripuerimus,
1190 3471 1215 3520 si
1240 3466 1333 3519 nullas

351 3549 447 3625 suerit
468 3555 498 3606 in
522 3552 636 3606 munde.
672 3551 716 3604 Et
733 3567 784 3624 ego
809 3565 929 3625 quaere,
957 3549 1030 3606 unde
1047 3563 1097 3605 etc.
1130 3551 1183 3603 vid.
1204 3552 1331 3605 caerem

357 3639 390 3691 aa
408 3638 440 3690 ee
460 3637 524 3704 seg.
541 3636 574 3700 s,
594 3637 643 3702 11,
662 3635 705 3690 ac.

312 3759 318 3768 ·
391 3741 445 3791 Gic.
464 3740 496 3791 dc
517 3741 579 3792 Nat.
593 3727 630 3790 'd.
650 3739 681 3805 1,
701 3719 752 3806 41,
777 3737 836 3796 114.
862 3749 894 3792 at
914 3737 1012 3795 delore
1030 3747 1140 3794 uacant.
1175 3701 1270 3792 ¹Satire’
1292 3746 1330 3791 est

295 3827 310 3866 ·'
356 3821 443 3877 idad
465 3823 545 3878 illam
562 3821 749 3878 abundantem
767 3821 848 3878 bonis
867 3827 957 3880 uisam
982 3822 1197 3879 ¹beatissimam?
1224 3822 1284 3874 116.
1303 3832 1331 3874 at

355 3917 398 3963 est
424 3925 518 3962 eorum
543 3913 644 3964 eximia
670 3908 805 3982 quaedam
829 3920 1027 3982 praestansque
1045 3919 1158 3971 natura,
1185 3916 1216 3960 ut
1234 3927 1268 3962 ea
1286 3905 1330 3959 de·

323 3989 420 4074 xbeat
444 3996 506 4063 ipsa
530 3995 580 4064 per
606 3993 698 4048 read
721 4013 750 4046 se
776 3991 923 4048 colendam
954 3993 1051 4050 elicere
1075 3997 1239 4065 sapientem.
1286 3992 1331 4045 An

356 4076 508 4150 quidquam
525 4080 653 4132 eximium
668 4088 763 4149 potest
780 4097 838 4133 csse
858 4083 887 4133 in
905 4099 937 4133 aa
955 4091 1073 4141 natura,
1103 4097 1189 4152 quae,
1214 4094 1267 4128 sua
1282 4091 1330 4128 uo-

353 4161 464 4234 lapsare
482 4161 606 4231 laetans,
632 4163 703 4219 nihil
719 4183 769 4220 nea
787 4174 885 4220 actura
907 4165 947 4218 eit
967 4179 1112 4235 umquam,
1139 4178 1230 4234 neque
1245 4169 1329 4232 agat,
