2882 4752
247 337 308 424 rai
470 433 473 444 ¹
668 355 905 426 rnuoom.

213 591 222 602 .
246 509 433 576 admodum
448 511 554 594 desit,
576 509 838 577 Demosthenem
851 507 1145 597 jacile'dixeris„
1168 510 1217 575 ‘iri
1239 511 1293 575 his

242 597 327 662 loeis
343 620 386 662 ne
403 598 520 662 Cicero
542 597 686 670 nimium
699 607 756 661 sut
778 596 901 662 falsum
915 596 1035 662 dixisse
1049 597 1232 672 videretur,
1256 598 1294 660 in
1388 591 1392 604 '

245 683 470 748 Demosthene
487 683 626 747 omnino
650 681 735 746 nihil
752 680 947 762 desiderari,
968 685 1003 745 ei
1015 683 1199 746 Antonium
1214 681 1294 746 nul-
1322 725 1324 732 ,

244 768 315 836 lum
331 768 453 834 librum
468 769 651 856 scripsisse,
682 769 739 853 qui
755 768 829 856 ipso
847 768 1007 832 Cicerone
1022 777 1106 834 teste
1124 767 1218 834 Brut.
1237 768 1292 842 44,

103 845 106 873 ¹
173 911 174 916 ,
247 859 320 922 163.
337 873 442 920 unum
463 853 586 918 librum
609 853 796 940 reliquerit,
830 853 1047 918 Schwmtuius
1070 862 1102 918 et
1127 855 1292 924 Gesnerus

245 938 446 1006 etMiillerus
461 959 569 1026 nuper
585 937 771 1004 admodum
788 946 984 1026 aeceperunt
997 960 1060 1025 pro
1069 957 1178 1035 pene.-
1223 937 1293 1002 uod

209 1047 286 1089 ¹ne
300 1024 349 1088 rei
366 1024 499 1110 quidem
520 1024 694 1090 necessitas
710 1023 911 1111 postulabat.
962 1023 1049 1087 Nem
1067 1024 1110 1088 'rd
1134 1044 1179 1110 qu
1248 1044 1290 1087 ex
1389 1049 1393 1053 ·

246 1110 352 1195 alique
367 1111 494 1177 ratione
508 1120 665 1199 negatum
682 1110 836 1176 volumus
845 1151 855 1192 ‚
876 1130 974 1196 saepe
989 1106 1086 1196 plene
1104 1117 1137 1173 et
1151 1129 1290 1196 prorsus

244 1215 418 1280 negamus,
435 1195 532 1260 etiem
562 1216 638 1260 cum
676 1196 797 1274 uadem
820 1194 1068 1260 asseveratione.
1127 1194 1291 1260 Antonius

182 1311 185 1315 ·
244 1280 371 1346 etihmsi
386 1301 489 1346 unum
506 1275 626 1345 exilem
643 1281 667 1346 li
691 1302 766 1344 rum
783 1280 822 1346 de
841 1281 969 1346 ratione
985 1277 1115 1344 dicendi
1138 1279 1291 1368 scripsis-
1313 1273 1317 1281 ’

243 1375 303 1446 eet,
325 1375 364 1429 ut
380 1366 424 1430 sit
443 1367 559 1446 Cicero
578 1366 761 1447 Β1Ή1.44.,
782 1369 894 1430 temen
911 1364 1050 1430 omnino
1069 1363 1195 1430 nullom
1208 1363 1291 1428 reli·

212 1490 216 1497 -
244 1453 317 1540 qpit
332 1452 537 1532 orationem,
558 1471 656 1538 equo
674 1449 850 1536 eloquendi
864 1451 1225 1537 *crsnognosciposset
1250 1449 1304 1512 Id*

244 1537 373 1601 disertis
389 1535 625 1602 verbis'nnrrnt
641 1537 757 1600 Cicero
775 1557 809 1624 p.
820 1535 956 1608 Clueni.
976 1539 1035 1612 50,
1062 1535 1133 1601 140.
1157 1543 1189 1600 et
1205 1533 1290 1599 bene

246 1620 465 1686 consideravit
472 1621 684 1703 Feccioletus,
700 1623 752 1686 cui
769 1643 851 1708 quae
861 1619 1079 1685 Schwartzius
1094 1613 1290 1686 inMonum.

243 1710 355 1793 ingen.
372 1713 402 1771 1.
418 1730 452 1794 p.
471 1709 542 1772 157.
562 1701 772 1794 obloquitur,
794 1705 880 1770 nihil
896 1695 1055 1772 efficiunt.
1099 1707 1143 1772 Et
1157 1713 1291 1794 poterat

244 1791 361 1859 Cicero
376 1793 410 1855 in
426 1793 492 1857 iste‘
504 1791 637 1880 quidem
654 1792 813 1860 sententia
834 1792 1043 1878 negationem
1061 1793 1159 1856 elium
1176 1800 1289 1856 tento-

243 1901 324 1966 pere
340 1898 474 1965 sugere,
495 1888 533 1944 ut
554 1897 659 1944 unum
673 1875 769 1942 illum
783 1871 908 1942 librum
924 1897 1002 1943 sene
1016 1878 1136 1942 exilem
1153 1897 1289 1965 prorsus

269 1964 530 2028 reetermitteret.
573 1963 813 2044 Demosthenes
829 1971 938 2028 eutem
955 1963 1057 2050 quum
1075 1961 1195 2028 dicitur
1208 1983 1290 2050 per-

242 1987 347 2114 iectos
365 2054 498 2130 orator,
514 2049 542 2114 ei
555 2049 693 2113 omnino
711 2048 794 2112 nihil
810 2047 953 2114 defuisse
996 2049 1171 2129 alchimus,
1189 2047 1290 2135 quid-

226 2134 322 2222 Jquid
338 2133 456 2202 alliszin
472 2134 554 2198 locis
564 2129 679 2199 Cicero
699 2128 734 2198 in
744 2156 783 2198 eo
798 2073 1056 2222 reprehenderit.
1075 2135 1187 2214 Quare
1197 2133 1292 2197 nihil

210 2235 213 2240 ’
243 2219 370 2299 obstet,
396 2240 462 2305 quo
486 2221 596 2289 minus
612 2219 689 2283 huic
707 2217 872 2284 formulae
897 2237 996 2284 unam
1015 2211 1289 2308 significationem

136 2364 141 2377 .
242 2303 427 2382 tribuemus
436 2349 447 2386 ‚
467 2325 530 2391 que
547 2303 840 2392 negetio'ponatur
854 2304 1003 2371 absolute
1018 2311 1051 2370 et
1064 2305 1174 2394 plene.
1216 2303 1303 2369 Nos'

244 2389 383 2455 dicimus
396 2410 469 2476 gor
487 2387 581 2467 heia,
600 2411 673 2478 gor
690 2390 812 2456 m'ohts.
841 2434 843 2442 ι
1265 2401 1271 2408 ”

344 2517 427 2568 Plant.
445 2517 527 2570 Mero.
547 2513 579 2579 2,
598 2517 624 2581 3,
646 2507 689 2570 65.
705 2517 809 2592 horunc
828 2509 881 2572 illa
895 2510 1013 2574 nihilum
1030 2523 1177 2592 quicquam
1188 2505 1290 2588 facere

274 2633 277 2640 ·
308 2606 416 2676 poterit
443 2602 603 2659 admodum.
647 2605 703 2658 Cic.
727 2607 800 2656 Brut.
824 2602 875 2668 58,
894 2605 954 2658 210.
977 2625 1042 2660 nam
1062 2604 1218 2660 litterarum
1238 2601 1289 2655 ad·

310 2687 423 2741 modum
434 2686 505 2741 nihil
525 2688 638 2756 sciebat.
654 2690 673 2740 i.
691 2707 714 2740 e.
732 2700 788 2742 oon
807 2686 1025 2760 Wisseurchaft
1041 2691 1175 2766 commod
1191 2711 1220 2745 er
1235 2707 1289 2762 gar

314 2770 415 2826 nichts.
451 2773 553 2824 Gellius
575 2771 624 2838 19,
652 2772 693 2828 12.
718 2773 785 2847 quia
801 2771 873 2828 nihil
888 2771 1040 2828 admodum
1059 2791 1143 2847 snper
1162 2781 1220 2830 vite
1237 2788 1290 2829 aut

277 2927 279 2932 Ι
308 2854 407 2911 arbore
435 2857 552 2912 colenda
577 2858 666 2912 sciret.
708 2856 794 2910 ln'vius
820 2855 870 2919 23,
889 2857 940 2925 29,
967 2860 1009 2912 14.
1035 2863 1168 2934 equestris
1191 2876 1289 2935 pugna

308 2942 389 2997 sulla
406 2942 557 3016 admodum
571 2937 645 3011 fuit.
669 2935 686 2990 i.
704 2959 727 2992 e.
745 2957 810 3009 quse
821 2941 983 2998 neinstituta
997 2945 1101 3014 quidem
1117 2957 1195 2999 esset.
1212 2949 1288 2998 Nos:

309 3029 355 3084 die
376 3028 500 3084 Reicere·
520 3025 583 3080 ham
608 3045 642 3079 zu
662 3042 715 3096 gar
738 3025 843 3081 heinem
865 3027 997 3101 Gq‘echt.
1017 3031 1067 3095 40,
1084 3027 1135 3094 59,
1154 3021 1180 3084 2‘.
1197 3047 1289 3084 armo·

308 3131 367 3166 ram
380 3109 525 3166 hostilium
543 3127 676 3190 maguam!
689 3114 747 3164 vim
764 3113 931 3168 transtulitr
951 3115 1059 3169 nullam
1075 3118 1220 3186 pecuniam
1236 3115 1288 3168 ad-

307 3196 428 3250 modum.
448 3195 569 3264 intellige
589 3198 618 3250 in
636 3201 774 3253 aerarium
792 3199 958 3265 transtulit,
976 3201 1055 3252 usin
1079 3198 1129 3265 iis,
1158 3217 1223 3272 quae
1240 3219 1286 3254 se-
1312 3221 1321 3226 ·

307 3279 439 3352 qunn'tur,
457 3279 574 3334 haereas.
1247 3269 1250 3280 ¹
1276 3275 1293 3300 ”

340 3381 508 3438 Keerchcrus
527 3381 555 3434 in
577 3381 660 3435 lshnii
678 3382 771 3437 Annal.
787 3381 916 3457 philolog.
932 3380 964 3450 1,
985 3386 1009 3437 1.
1026 3399 1052 3456 p·
1065 3385 1129 3441 202.
1147 3393 1187 3440 nt*
1199 3385 1287 3442 omnis

307 3472 341 3524 ed
358 3487 434 3550 unam
455 3471 655 3542 explicationem
672 3473 785 3525 referret
793 3474 806 3537 ,'
828 3473 962 3526 Ciceronis
979 3473 1059 3524 verba
1081 3472 1163 3528 Curio
1180 3470 1288 3527 littera·

280 3551 283 3556 ’
306 3577 366 3611 rum
382 3558 533 3611 admodum
551 3555 622 3608 nihil
639 3552 744 3610 sciehat
759 3559 946 3627 interpretatus
965 3565 1022 3609 este
1041 3553 1109 3608 nihil
1125 3559 1286 3622 litterarum,

284 3647 287 3658 '
306 3645 340 3694 ed
358 3644 454 3696 iustum
472 3656 561 3696 earum
577 3641 700 3701 modum,
718 3641 789 3708 quod
807 3653 886 3708 esset,
904 3656 1011 3711 prorsus
1030 3637 1097 3694 nihil
1118 3643 1166 3710 (0.
1185 3639 1287 3713 wusste

303 3726 394 3782 niehts
413 3746 469 3780 uon
492 3722 714 3780 Gelebrsamkeir
730 3723 799 3776 nach
823 3725 886 3788 dem
911 3723 1045 3798 richtigea
1062 3724 1168 3799 Masso
1185 3727 1287 3784 dersel·

304 3809 367 3874 hen,
387 3807 413 3862 d.
434 3815 453 3865 i.
472 3808 620 3881 cigentlich
636 3827 689 3879 gar
707 3805 823 3875 nictu).
841 3828 907 3878 quae
933 3822 1050 3864 autnon
1070 3812 1220 3882 perspicio,
1239 3821 1287 3864 snt

251 3896 255 3902 ’
304 3897 350 3949 ille
379 3895 491 3948 mirifice
515 3895 634 3960 fellitos,
660 3907 739 3966 quum
762 3894 867 3956 modum
893 3897 1020 3964 intelligit
1043 3895 1206 3962 litterarum,
1231 3916 1286 3950 non

304 3981 409 4036 modurn
428 3977 557 4032 inscitiae.
578 3982 612 4032 Et
630 3979 712 4030 sicin
731 3978 825 4030 ceteris
840 3996 943 4050 quoque
965 3981 1098 4052 exemplis.
1122 3985 1190 4036 Nem
1204 3981 1287 4036 nulla

307 4063 596 4138 pecunialadmodum
612 4060 778 4114 Ksercherns
795 4079 918 4132 perverse
936 4067 1065 4138 explicet:
1089 4065 1160 4120 nulla
1175 4051 1303 4136 pecuniis

293 4161 335 4202 'ex
361 4151 556 4219 comparatione
577 4163 706 4206 armornm
725 4147 774 4213 (im
801 4149 958 4224 Vegleut.
973 4153 1024 4204 mit
1044 4149 1099 4206 deu
1130 4150 1283 4226 Waffen).
