2826 4750
261 331 282 404 8
492 305 515 406 ’,
631 319 926 411 annam.
1026 331 1083 396 ,¹
1163 315 1199 340 ·‘

280 497 283 503 '
347 482 549 571 Praepositio
581 505 625 551 au
651 505 850 573 quamquam
881 505 976 551 usum
998 485 1095 550 habet
1120 486 1300 552 admodum

264 567 500 655 multiplicem,
532 580 570 631 ut
589 572 794 660 grammatici
809 572 843 635 in
859 572 1086 635 constituenda
1104 565 1301 658 explicatia'a

262 650 315 716 nis
341 655 468 718 ratione
488 655 570 717 etin
587 656 776 720 ordinandis
792 657 1176 745 exemplis-vehementer
1192 659 1302 723 haesia

264 739 420 819 laverint,
449 749 561 803 tamen
577 763 711 818 onmes,
738 763 825 828 ¹quae
840 746 1029 829 ponuntur,
1050 743 1301 840 significationes

265 844 308 885 ex
325 811 399 886 rina
414 823 567 888 oriuntur
589 827 727 891 notione
742 828 899 913 primaria
913 827 980 891 loci
994 850 1034 892 ac
1046 849 1111 907 rer,
1135 829 1222 893 unde
1234 829 1301 894 'ali-

263 906 344 990 quid
369 917 558 988 moveatur,
597 922 709 991 exeat,
742 922 797 975 aut
817 912 926 998 aliquo
942 913 1046 976 ruodo
1062 912 1300 998 proficiscatur.

265 991 377 1069 Quare
394 992 517 1089 duplex
529 1001 577 1058 est
589 1007 756 1082 respectus
773 1007 805 1060 et
826 997 954 1063 adeam
972 1019 1054 1076 rem,
1071 1018 1152 1082 quae
1168 1019 1235 1061 ano
1246 999 1301 1060 lo·
1373 1014 1380 1027 ¹

119 1161 121 1168 Α
154 1101 161 1107 ·
263 1096 303 1137 co
319 1087 431 1145 manet
443 1088 599 1161 lmmolu,
615 1091 647 1144 ct
665 1081 704 1145 ad
723 1104 805 1160 eam,
824 1103 906 1167 qnae
920 1093 1084 1161 movetur,
1102 1093 1159 1148 crit
1173 1092 1302 1146 remota

262 1159 370 1240 distat
388 1219 390 1224 .
413 1161 494 1232 Inde
509 1185 590 1230 rere
605 1166 732 1234 exsistit
747 1166 872 1258 triplex·
884 1167 965 1235 haec
981 1168 1087 1248 rano,
1108 1188 1172 1254 qua
1192 1167 1300 1260 omnis

262 1245 413 1314 vocabuli
428 1269 507 1316 usus
526 1251 659 1343 regitur·
1271 1271 1273 1278 '

260 1405 262 1410 ,
304 1364 471 1435 ludicatur
489 1369 576 1438 enim
596 1370 843 1458 praepositione
860 1388 904 1437 An

346 1473 373 1545 Ι.
395 1478 800 1569 mouoexaliqu01000‚
832 1501 914 1574 quac
935 1479 1079 1542 cernitur

287 1583 317 1640 1.
343 1576 378 1646 in
403 1601 602 1678 quocunque
617 1582 766 1646 discessu
779 1591 821 1645 et
841 1581 877 1644 in
927 1591 1034 1645 tuetur
1059 1578 1301 1660 remissione,

285 1701 289 1712 ι
307 1661 513 1746 deductione,
523 1663 713 1746 directione,
732 1676 764 1729 et
778 1665 814 1730 in
829 1601 967 1734 excidia
978 1663 1017 1728 ab
1028 1601 1180 1752 diquare
1190 1663 1300 1728 ducto.

214 1783 218 1786 -
284 1751 316 1812 2.
342 1747 444 1826 Quod
465 1749 609 1821 refertur
634 1752 674 1819 ad
693 1761 845 1840 tempus,
869 1750 903 1814 in
925 1749 1020 1813 initio
1037 1759 1070 1815 et
1085 1749 1302 1840 perpetuitate

304 1833 465 1920 temporis
481 1834 703 1927 significanda.
865 1861 868 1868 ·
1190 1902 1195 1911 ,

219 1948 221 1960 1
283 1920 317 1984 8.
340 1917 468 2003 Quibus
486 1922 660 2008 proximae
685 1930 762 1987 sunt
785 1919 940 1986 notiones
956 1918 1302 2006 primordii,.princi·

294 2001 359 2087 pii,
377 2005 523 2096 originis,
540 2028 616 2075 eum
629 2003 727 2072 motu
742 2015 775 2070 ct
791 2004 882 2069 exitu
897 2003 1149 2090 comparandae,
1168 2015 1210 2082 et,

261 2088 315 2153 ·4.
338 2108 421 2172 quae
446 2111 522 2158 cum
548 2089 599 2160 his
621 2091 809 2171 cohaerent,
832 2090 1024 2158 efficientiae
1046 2098 1078 2152 et
1092 2111 1221 2154 caussae
1235 2110 1304 2154 no·

301 2172 421 2236 tiones.
1305 2215 1306 2222 1

258 2299 262 2306 -
282 2257 314 2322 5.
337 2255 381 2324 Et
396 2279 499 2348 quum
514 2279 591 2346 para
607 2257 740 2338 alicuius
754 2258 804 2326 rei
822 2255 995 2343 desumpta
1007 2255 1154 2322 videatur
1169 2259 1301 2322 univer·
1401 2331 1402 2334 Ἴ

258 2385 261 2388 -
303 2363 358 2406 sae
381 2344 447 2423 rai,
477 2342 544 2412 hoc
565 2344 670 2412 modo
697 2343 796 2423 etiarn
819 2341 851 2408 id
874 2339 1300 2430 notatur‚qu0dalicui1·oi

166 2489 169 2496 .
234 2487 236 2490 .
304 2425 485 2512 adhaereat,
511 2428 563 2496 vel
581 2449 623 2495 ex
639 2449 675 2495 aa
688 2428 839 2516 pendeat,
850 2426 901 2492 vel
917 2449 983 2514 quc
1002 2424 1125 2528 aliquid
1141 2439 1279 2494 constet.

309 2543 311 2557 '
342 2543 385 2616 ΙΙ.
428 2545 596 2616 Iudicatur
610 2546 766 2629 remotio,
788 2545 822 2612 in
841 2555 906 2632 qua
921 2545 1065 2611 etaltera
1079 2571 1130 2613 res
1145 2558 1300 2626 remanet,

136 2648 171 2658 '⁶
246 2637 294 2710 ‘et
315 2629 522 2700 interiectum
551 2632 721 2702 distantiae
752 2632 895 2719 spatium
927 2643 1073 2720 apparet.
1116 2633 1200 2697 Hinc
1221 2653 1299 2697 usus

258 2717 513 2803 praepositionis
900 2731 902 2738 “
949 2745 951 2752 ·
1101 2743 1104 2754 ,

284 2819 313 2882 1.
337 2816 377 2884 de
399 2823 594 2908 quacunque
615 2818 821 2898 remotione,
853 2818 919 2882 sive
936 2837 973 2884 ea
994 2816 1051 2884 fiat
1064 2837 1214 2897 recessu,
1235 2818 1301 2882 sive

257 2923 260 2935 ·
301 2900 494 2970 liberatione
517 2911 550 2966 et
565 2903 734 2984 vacuitate,
813 2933 815 2938 ’
1219 2935 1220 2943 ¹

283 2990 323 3053 2,
339 2987 427 3059 etde
445 2988 596 3056 distantia
610 3009 721 3052 rerum
739 3011 775 3050 ac
791 2986 990 3053 discrimine.

183 3135 189 3139 .
255 3101 261 3108 ·
280 3075 313 3136 8.
337 3073 450 3152 Quare
470 3071 644 3142 adhibetur
664 3073 752 3136 idem
775 3071 1036 3158 vocabulumlin
1057 3071 1174 3136 ordine
1188 3091 1298 3138 rerum

171 3217 177 3224 ,
258 3206 262 3212 -
302 3156 536 3231 constituendo
555 3168 588 3222 et
604 3159 640 3226 in
658 3158 897 3237 numeratione,

283 3242 315 3304 4.
338 3250 370 3308 et
384 3242 518 3312 inservit
533 3243 774 3335 comparationi
788 3240 1129 3336 rerumpdiversarum.
1216 3288 1219 3308 f

276 3326 315 3392 ·5·
336 3323 395 3396 Illa
420 3347 496 3398 vera
522 3347 635 3426 rerum
656 3327 830 3430 dispositio
858 3337 891 3396 et
920 3327 1105 3424 numeratio
1135 3327 1233 3392 etiam
1259 3326 1298 3390 ad

300 3420 431 3504 tempus
445 3409 588 3486 retentu
604 3431 738 3501 eiusque
755 3421 1061 3502 consequunonem.
1097 3495 1103 3508 Ι
1188 3451 1218 3486 2

340 3527 400 3598 ΠΙ.
431 3531 481 3602 Ut
494 3531 595 3600 situm
612 3542 644 3596 et
664 3531 835 3620 regionem
852 3531 985 3595 alicuius
1004 3527 1051 3595 re'i
1066 3497 1299 3618 describanius,

259 3613 466 3684 considerare
489 3615 634 3688 solemus
658 3617 772 3684 loetum
797 3626 830 3680 et
853 3616 1007 3704 spatium,
1034 3633 1101 3700 quo
1127 3614 1234 3701 aliqua
1247 3638 1299 3679 res
1397 3623 1399 3704 J

260 3696 300 3794 ab
328 3697 390 3765 alia
423 3696 520 3770 distet
543 3713 599 3772 aut
630 3712 758 3772 remota
783 3701 845 3764 sit:
876 3698 1095 3786 quamobrem
1125 3701 1299 3788 praeposi·
1398 3743 1399 3792 l

259 3793 384 3964 ularii
441 3869 514 3933 atui
542 3871 579 3936 in
603 3870 737 3957 regione
762 3879 795 3932 et
820 3868 899 3936 laco
924 3869 964 3934 ab
989 3867 1096 3955 aliqua
1120 3877 1214 3954 parte
1239 3865 1299 3930 de·
1398 3875 1399 3908 ³

282 3973 428 4123 tilgqliriid
438 3976 582 4124 (dinique
595 4039 634 4104 ad
651 4041 699 4103 rei
715 4039 1015 4104 considerationem·
1029 4056 1070 4100 ex
1087 4033 1193 4118 aliqua
1205 4043 1298 4120 parte

197 4164 200 4172 ·
300 4122 535 4188 instituendam
556 4121 764 4189 transfertur.
