2858 4750
237 277 331 366 264„
386 339 393 348 .
430 277 434 288 '
647 271 840 358 atthm.

242 447 356 500 versus
375 426 548 514 stabilivit,
584 449 622 494 sa
642 451 713 504 non
735 427 887 498 destituta
909 446 979 498 esse
992 419 1151 512 'raucam
1185 435 1284 518 atque

183 534 187 562 ⁴
236 507 440 583 'vocabulum
456 513 580 610 eliquia
595 535 704 608 prope
727 513 881 592 accedere
904 511 945 576 ad
966 512 1125 608 quidum,
1155 521 1187 577 et
1210 517 1284 602 quis

243 599 287 666 ad
304 600 490 692 quicquum.
532 597 661 665 Tamen
679 599 859 668 cavendum
875 608 940 674 est,
970 619 1031 676 ne,
1062 609 1100 662 ut
1121 596 1219 664 facile
1234 599 1283 678 fit,

182 711 188 730 1
242 697 277 753 et
300 686 366 755 iam
380 683 507 772 saepius
527 682 652 748 factum
675 694 741 766 eat,
769 684 882 750 nimia'
896 681 1073 762 subtilitate
1095 682 1283 751 abutamur.

240 771 357 858 Neque
379 771 467 834 enim
490 789 567 837 cum
591 767 765 866 Schuppio'
785 767 997 856 negabimus,
1014 767 1070 838 ‘ia
1084 763 1167 862 quid
1182 769 1282 858 sylla-

241 855 321 928 bam
336 855 387 953 qli
402 855 557 924 emissam
577 877 663 922 esse:
689 875 771 942 quae
793 853 927 940 quidem
942 851 1051 917 omitti
1068 852 1224 935 debebat,
1248 867 1285 920 ut

48 995 55 1000 .
86 951 88 954 ’
167 1005 168 1008 ,
239 941 428 1012 encliticam
443 937 652 1012 redderemur
672 961 780 1041 aeque
801 959 878 1008 cum
893 937 1053 1013 Steuhcro
1076 937 1284 1024 mirabimur,

241 1026 471 1118 grammaticos
491 1026 650 1112 quosdam
667 1049 721 1107 ea,
742 1047 825 1112 quae
839 1045 909 1092 uno
927 1034 1063 1090 accentu
1076 1021 1283 1108 cohibentur,

235 1133 310 1190 ¹uno
326 1110 485 1186 uocabulo
503 1111 625 1199 siquis,
645 1111 762 1202 nequiit
778 1109 952 1181 coniuncta
967 1108 1154 1202 scripsisse,
1175 1131 1284 1199 neque

197 1261 211 1273 x
235 1197 349 1272 'etiam
363 1196 539 1268 discrimen
561 1196 679 1267 haruin
705 1195 928 1264 formatarum.
950 1215 1143 1288 quaeremus
1171 1195 1206 1260 in
1229 1197 1283 1263 di-

163 1279 165 1284 ’
241 1304 335 1356 ,versa
349 1277 491 1381 quadam
506 1271 735 1352 conditionalia
750 1279 928 1359 sententiae
946 1290 1083 1362 natura,
1105 1301 1167 1349 nec
1184 1279 1283 1346 Frot-
1341 1331 1343 1336 ,
1408 1373 1409 1380 s

233 1366 358 1450 ‚sehero
374 1367 564 1449 credemus,
576 1357 643 1459 'iqui
656 1366 692 1436 in
705 1366 737 1436 at
760 1363 894 1452 ctiqatct
908 1360 1147 1431 dubitationem
1159 1366 1284 1432 intelli-

213 1502 219 1510 .
239 1474 321 1539 gens
336 1453 506 1541 negationi
518 1453 730 1543 proximam,
750 1451 892 1540 nimium
913 1450 1028 1538 arripit
1041 1450 1134 1538 (nam
1150 1447 1285 1538 cliqrcid

176 1539 182 1554 “
239 1535 423 1628 significare
437 1537 735 1626 potcstinonnihil,
764 1534 1001 1628 ‘aliquantum2's
1031 1523 1091 1601 sed
1116 1534 1205 1604 haud
1230 1544 1283 1603 lev>

239 1644 334 1692 mere
351 1623 570 1698 concedemus
587 1624 647 1706 iis,
668 1623 724 1714 qui
741 1643 878 1691 omnem
895 1622 1059 1688 rationem
1074 1642 1193 1708 negare
1207 1644 1284 1688 ma-

174 1735 177 1749 ·
240 1702 394 1790 luerunt,
417 1709 524 1777 multo
543 1707 769 1804 frequentiora
786 1729 855 1772 esse
871 1707 1102 1774 encliticorum
1118 1705 1281 1797 exempla.

238 1795 290 1864 Ab.
305 1794 460 1878 haerere
481 1795 717 1864 consuetudine
738 1790 821 1859 boni
840 1791 1020 1886 scriptores
1043 1812 1113 1882 non
1136 1813 1283 1860 recessa-

238 1889 337 1963 runt,
357 1879 419 1970 nisi
440 1878 687 1974 significationis
707 1887 870 1967 potestate
892 1877 1074 1956 commoti,
1102 1888 1160 1942 aut
1180 1879 1282 1946 sicubi

239 1965 373 2034 numeri
393 1986 503 2034 caussa
526 1967 733 2046 accessisset,
767 1986 840 2037 casn
870 1985 946 2032 cum
974 1983 1072 2028 sensu
1102 1963 1284 2030 verborum
1398 2015 1399 2022 ,

117 2048 118 2053 ’
193 2065 194 2068 ’
227 2051 464 2116 *conciliantes
485 2052 572 2120 Nam
586 2051 691 2118 multa
706 2048 855 2129 insonui,
870 2049 906 2121 in
923 2049 1282 2142 quibussentsntiapa·

239 2156 319 2206 rum
334 2146 391 2204 aut
404 2135 488 2202 nihil
506 2141 672 2217 mutetur„
700 2135 817 2232 siquis
838 2133 1094 2212 alterumutruns
1108 2156 1150 2200 ex
1166 2145 1282 2200 aucto·

238 2221 337 2300 ritate
366 2221 546 2290 meliorum
581 2219 735 2290 codicum
767 2219 962 2290 substituere
989 2218 1083 2302 velit,
1125 2218 1280 2308 profecto

198 2299 203 2316 '
239 2327 342 2372 nemo
360 2329 403 2371 nc
427 2306 524 2386 abis,
545 2307 601 2394 qni
622 2305 859 2386 vicissitudines
881 2303 980 2371 v‘iviab
1003 2306 1166 2372 sermonis
1186 2325 1282 2372 com-

178 2425 180 2430 *
265 2402 350 2458 ertas
366 2329 526 2456 habuerit.
563 2392 775 2476 Quamquam
790 2391 888 2454 etiam
903 2400 997 2471 sunt,
1043 2412 1103 2456 uae
1120 2400 1280 2460 attentum

238 2413 400 2544 iictorem
421 2475 535 2544 fallere
555 2476 698 2566 possint.
740 2475 849 2540 Veluti
870 2475 992 2564 Plinius
1016 2413 1044 2544 E
1071 2520 1080 2539 .
1107 2479 1145 2556 1,
1170 2481 1210 2541 10
1218 2525 1228 2559 ,
1250 2482 1279 2542 1.

232 2561 273 2626 ‘si
287 2561 424 2660 quomo
439 2559 521 2635 urba
531 2573 651 2626 nostra
668 2559 863 2630 liberalibus
879 2561 1003 2627 studiis
1020 2497 1174 2660 Jiircit,
1193 2585 1282 2628 nuuc

52 2737 62 2746 ¹
124 2671 136 2680 ·
226 2646 523 2738 ,mucimeflorete
554 2646 612 2714 ubi
635 2668 677 2714 ex
701 2647 842 2712 aliorum
865 2656 1049 2744 praeceptas
1070 2645 1281 2713 scribendum

225 2731 301 2796 ‘erit
317 2731 530 2820 'cb‘qucudo,
557 2731 647 2820 quod
672 2733 713 2796 sit
739 2731 803 2796 alio
836 2731 953 2818 ahquo¹
975 2742 1146 2881 tempore:
1184 2743 1281 2821 atque

231 2818 336 2883 etiam
351 2841 414 2883 nos
433 2841 513 2885 voce
525 2818 731 2886 intendemus
747 2815 942 2884 vocabulum
955 2817 1047 2898 ieme
1078 2863 1088 2883 .
1127 2817 1281 2884 Attamen

181 2964 183 2968 .
224 2903 272 2978 ei
281 2903 418 3001 quaudo
434 2904 500 2968 hoo
514 2903 590 2977 lodo
615 2901 775 2990 signifieat
794 2903 1078 2991 quotiescumque,
1100 2913 1139 2976 ut
1152 2903 1184 2968 ai
1239 2905 1292 2985 is„
1406 2937 1409 2972 a

235 2988 266 3071 a}
279 3013 324 3072 τις
339 3011 403 3075 pra
420 2990 586 3088 quiaquia,
609 2984 691 3065 ὅστις
709 2998 892 3078 ponuntur.
937 2989 1004 3053 Cic.
1020 3011 1056 3076 p.
1081 2988 1171 3053 Sext.
1221 2989 1227 3002 ‘
1257 2990 1281 3052 't

235 3076 298 3154 62,
322 3079 394 3141 151.
408 3096 438 3137 sc
455 3087 503 3140 eat
521 3098 544 3138 u
566 3075 573 3090 '
615 3075 630 3138 i
649 3073 820 3138 censurio
833 3083 941 3138 morte
948 3095 1058 3160 praec
1073 3092 1212 3138 crorum
1228 3075 1281 3140 ui-

233 3179 363 3224 rorum.
386 3167 418 3222 et
439 3169 556 3224 contra
598 3159 692 3248 hilip.
708 3165 756 3242 9,,
771 3163 885 3241 6,,18.
909 3159 941 3221 si
959 3159 1033 3245 quis
1049 3169 1100 3224 est
1114 3182 1228 3224 seusus
1241 3161 1281 3226 ὺι

234 3254 354 3308 morte.
398 3243 482 3308 Illud
501 3247 589 3310 enim
606 3255 672 3328 est,
696 3245 724 3308 si
749 3265 786 3310 re
804 3265 880 3310 vera
896 3253 1003 3308 certus
1023 3243 1137 3330 aliquis
1153 3259 1278 3310 sensns.

232 3329 350 3416 Neque
366 3330 455 3395 enim
471 3331 667 3418 interposita
684 3329 799 3411 verba,
830 3351 912 3414 quae
933 3327 1087 3394 Doclekii
1111 3341 1180 3394 erat
1203 3353 1279 3395 sen-

220 3416 352 3496 ¹tentia,
378 3412 540 3500 efficiunt,
564 3425 602 3480 ut
622 3416 739 3503 plenae
755 3405 935 3479 verborum
951 3412 1082 3478 formae
1099 3426 1278 3502 praestent,

194 3537 195 3540 κ
233 3499 292 3564 sed
320 3501 363 3565 ob
389 3497 490 3566 alium
513 3522 648 3566 sensum
679 3500 866 3588 graviorem
897 3521 1088 3586 pronomen
1103 3503 1295 3594 'removeri‘-

231 3595 343 3672 potest
360 3609 379 3650 a
394 3587 645 3668 coniunctione,
664 3595 898 3671 remotumque
914 3605 971 3648 sua
988 3584 1020 3648 vi
1040 3596 1179 3652 constat
1209 3586 1278 3651 Cic.

233 3671 274 3735 de
288 3672 366 3755 Leg.
382 3676 402 3734 3
412 3719 422 3751 ‚
445 3677 484 3752 9,
506 3678 559 3738 21.
587 3671 658 3740 nisi
673 3691 866 3738 mueronem
888 3669 1036 3758 aliquem
1049 3667 1280 3736 tribunicium

232 3756 421 3822 exacuisset
447 3757 484 3820 in
505 3781 579 3822 nos.
607 3757 648 3820 ad
670 3756 761 3820 Fam.
785 3757 844 3834 16,
869 3758 929 3835 12,
954 3759 984 3818 1.
1005 3756 1043 3820 iu
1068 3755 1279 3831 eaamstocum
1322 3791 1328 3798 -

218 3863 284 3906 ‚res
307 3837 456 3904 deducte
478 3853 545 3920 est,
591 3854 628 3905 ut
658 3841 728 3905 nis'i
761 3839 817 3926 qui
840 3837 923 3904 deus
947 3839 998 3906 uel
1026 3861 1124 3904 cesus
1153 3841 1279 3928 aliqttis

229 3923 436 4007 subuenerit,
457 3926 545 3992 salci
561 3950 631 3992 esse
645 3946 861 4013 nequeamus.
905 3923 1014 3990 Etiam
1029 3929 1160 4012 gravior
1174 3947 1279 3992 vocu-

229 4007 329 4092 latio,
352 4029 453 4108 quam
471 4011 652 4079 Doclekius
668 4012 754 4076 inter
773 4009 893 4078 indicia
909 4021 1169 4098 commemorat,
1186 4011 1278 4099 regi-

229 4103 286 4162 tur
305 4092 346 4160 ab
361 4089 435 4183 ipsa
450 4096 630 4166 verborum
648 4094 898 4187 significatione·
959 4100 961 4112 '
