2866 4754
573 353 704 424 1111.
911 309 916 326 “
1003 337 1015 356 “
1099 362 1161 430 ses

119 499 1164 581 atinemeootedieleIcutendarumnouemt·
1253 493 1269 532 ’“

118 599 260 666 briam
278 595 492 664 dicere'in
514 609 686 674 senatu,
703 596 867 687 foreio
887 600 1163 666 armiscerto

120 681 208 766 die,
237 683 311 775 q'ui
327 679 621 770 diesfutrirua
639 694 753 748 esset
769 681 1002 749 antediem
1021 683 1164 752 VIou-

119 771 349 836 leddarum
371 763 770 855 novembriumspro
795 767 839 832 iu
860 767 973 833 diem
995 784 1164 836 sextum
1198 809 1205 840 1

119 855 414 924 colendarum
446 850 751 918 novembrium.
809 853 922 918 Ante
946 853 1163 943 frequentius

118 953 235 1006 tumeo
253 939 445 1014 acerraatieo
457 936 572 1003 'odiam
601 936 690 1016 itur,
717 949 750 1001 et
763 956 830 1021 per
848 937 999 1023 ellipsim·
1008 963 1164 1028 proepo—
1263 958 1265 966 ’

118 1026 265 1092 sitionis.
309 1022 427 1089 Nescio
444 960 616 1111 quomodo
639 1022 693 1086 alii
715 1031 864 1086 extrema
888 1022 966 1088 haec
987 1025 1164 1092 intellexe—
1187 1063 1189 1066 ·

118 1113 197 1191 rint,
216 1111 300 1176 mihi
318 1109 438 1174 dixisse
456 1107 584 1174 videtur
601 1106 801 1188 Priscianus,
816 1104 1074 1192 frequentiorem
1093 1135 1165 1180 esse

118 1217 216 1262 11111111
233 1198 414 1262 formarum
431 1193 618 1272 antediem
641 1205 772 1258 sestom
787 1189 855 1256 eol.
879 1202 911 1256 et
932 1207 1025 1260 sexto
1043 1198 1164 1263 colen·-

120 1281 204 1346 dos:
227 1281 411 1428 quod-qao
432 1302 469 1367 p.
495 1281 588 1345 1214.
610 1277 678 1343 iate
721 1285 845 1343 rotatur
878 1289 959 1343 onte
988 1281 1164 1358 colendus.

119 1367 222 1432 Sicuti
239 1368 341 1432 Cic.a
382 1369 447 1428 Att.
464 1369 503 1441 7,
524 1364 556 1429 ⁶.
583 1362 637 1428 ita
661 1385 684 1428 c
728 1362 844 1428 urbem
860 1360 927 1429 III
939 1385 1070 1446 nonas,
1093 1389 1164 1432 na-

119 1453 187 1517 tali
204 1475 288 1530 meo,
330 1457 369 1515 18
379 1451 463 1535 ‚tu
504 1455 565 1530 11,
588 1454 641 1515 23.
661 1449 781 1535 pridie
800 1469 875 1512 eum
889 1446 992 1514 diem.
1035 1450 1100 1516 Sed
1118 1475 1164 1518 ne

4 1571 6 1576 ·
118 1539 155 1602 in
171 1537 221 1601 his
243 1536 374 1624 quidem
393 1536 551 1599 omissam
573 1555 641 1608 esse
658 1533 1174 1622 praepositioncmputaverimr-

118 1641 197 1688 uam
214 1622 322 1686 omitti
340 1629 448 1709 potest
462 1619 684 1708 praepositio,
706 1641 809 1706 quum
835 1621 903 1684 eius
920 1621 968 1686 vis
984 1641 1087 1708 aeque
1102 1643 1165 1709 per

119 1708 304 1794 simplicem
330 1726 442 1771 casum
473 1705 690 1804 exprimiturt
719 1704 909 1790 quodnon
931 1705 1008 1772 licet
1032 1705 1105 1772 fieri
1126 1708 1164 1772 in
1239 1707 1246 1715 '
1273 1787 1276 1792 y

119 1793 226 1859 verbis
242 1805 341 1874 onte,
357 1799 450 1877 post.
492 1788 769 1878 Dicebantigitur
784 1789 890 1856 Latini
912 1789 1013 1856 tertio
1036 1801 1070 1858 et
1091 1799 1164 1857 ter·

121 1879 206 1944 tium
223 1899 292 1942 uno
312 1873 496 1962 ⁴eodemque
511 1896 608 1940 sensu
634 1877 673 1940 de
689 1875 759 1953 dic,
788 1896 855 1961 quo
880 1875 1002 1960 aliquid
1022 1875 1163 1962 factum,

121 1963 401 2052 quemadmodum
420 1983 481 2026 nos
497 1960 565 2025 deu
580 1959 710 2026 dritten
728 1969 761 2024 ct
783 1979 843 2023 om
866 1957 996 2026 dritten
1011 1960 1163 2039 dicimus,

122 2049 348 2138 addebantque
365 2046 486 2111 mensis
501 2067 627 2122 nomen
641 2045 842 2120 accusativo,
872 2067 941 2132 quo
956 2048 1164 2112 numeratio-

119 2134 170 2198 nis
186 2136 290 2215 ratio,
313 2133 380 2199 sive
393 2131 556 2220 temporis
572 2152 767 2220 progressus
784 2131 1041 2220 exprimeretur:
1061 2133 1161 2198 tertio

121 2219 172 2284 die
185 2231 320 2300 versus.
339 2217 391 2284 vel
405 2219 440 2283 iu
457 2215 617 2282 calendas.
659 2215 836 2306 Salmasius
860 2216 948 2282 haud
964 2215 1049 2284 male
1064 2240 1162 2286 eom·

104 2311 214 2393 'parat
237 2324 450 2370 communem
472 2323 570 2368 usum
595 2302 775 2368 verborum
794 2301 915 2388 paullo
941 2311 973 2368 ct
998 2303 1176 2390 peullam

119 2401 212 2490 pute.
254 2385 332 2456 vid.
347 2388 502 2465 Priscian.
522 2412 558 2539 E.
578 2391 671 2453 1198.
722 2385 846 2452 1111111
870 2398 980 2454 autem
1003 2387 1161 2472 formula,

118 2499 154 2544 m
174 2485 336 2562 quaerite
353 2475 434 2564 poni
450 2473 522 2538 sole
546 2483 596 2556 at,
619 2473 857 2561 coniungantur
873 2495 1004 2544 necesse
1020 2485 1069 2540 est
1084 2497 1163 2540 cum

34 2629 37 2634 ,
119 2561 255 2625 nomine
274 2581 333 2624 suo
349 2582 428 2648 prae
454 2561 640 2624 ositioucm.
683 2558 860 2628 Dicebatur
876 2560 1162 2649 enim-interposi·-

118 2647 161 2709 tis
176 2639 281 2710 verbis
296 2583 517 2710 numeralibus
534 2642 693 2732 untedio
711 2644 812 2710 tertio
829 2644 1013 2727 colendos,
1032 2655 1064 2710 et
1081 2658 1163 2712 unte

113 2731 213 2798 diem
229 2730 368 2795 tertium
380 2753 500 2810 nonos,
520 2729 611 2816 quod
629 2739 687 2810 est,
705 2729 793 2794 diem
804 2731 939 2795 tertium
956 2740 1030 2794 ante
1045 2753 1161 2796 nonas.

118 2809 348 2904 interponitur
375 2821 484 2880 autem
505 2813 744 2881 mediusinter
764 2811 843 2878 hacc
869 2813 969 2879 verba
991 2835 1161 2888 uumerus,

118 2911 155 2968 ut
171 2902 314 2967 rotunda
328 2899 385 2964 fiat
405 2898 556 2964 dictionis
573 2897 694 2964 forma.
723 2895 763 2962 Iu
779 2897 921 2988 antiquis
937 2897 1029 2963 libris
1044 2897 1161 2966 'omni-

117 2987 181 3052 bus
196 2985 316 3074 ubique
332 2987 493 3074 seriptum
508 2983 628 3071 legitur
650 2984 689 3052 A.
711 2981 754 3048 D.
776 2987 843 3048 sive
867 3006 902 3048 u.
920 2982 977 3046 d..·
1005 2985 1097 3134 quod
1116 2983 1162 3050 li·-
1206 3051 1209 3055 ,

117 3073 221 3139 brarii
236 3072 285 3137 ud
300 3094 368 3138 esse
384 3069 554 3159 putabant.
590 3067 657 3134 vid.
681 3063 989 3136 (1111111111.’11101ο.
1031 3070 1088 3136 hil.
1108 3075 1161 3152 10,
1274 3097 1277 3105 ·
1322 3075 1331 3087 “

121 3163 174 3224 11.
199 3168 232 3222 ct
257 3167 408 3244 uestram
422 3157 577 3245 paginam
595 3160 665 3221 100.
682 3155 733 3219 cui
750 3153 899 3238 adiicias,
935 3175 1019 3240 quae
1039 3155 1172 3224 Pareae,
1289 3177 1293 3192 ·

118 3242 156 3310 iu
179 3243 258 3312 Lex.
281 3244 361 3309 crit.
384 3257 419 3330 p.
441 3247 493 3308 97.
532 3239 624 3306 Cort.
646 3239 685 3305 ad
710 3239 778 3304 Cio.
795 3239 964 3326 Epist.2‚·
980 3243 1030 3306 17.
1073 3239 1181 3309 Illud¹

118 3351 198 3396 vero
219 3351 320 3417 quum
338 3337 422 3393 esset
438 3339 518 3396 unte
534 3325 607 3408 die,
631 3324 730 3412 vulgo
753 3335 865 3392 tamen
882 3349 902 3389 a
917 3325 1058 3392 librariis
1080 3326 1162 3391 ubi-

119 3437 183 3500 que
199 3412 416 3501 accipiebatur
431 3415 494 3500 pro
511 3423 591 3476 oute
606 3410 716 3476 diem:
743 3433 803 3474 nec
825 3412 937 3500 negari
959 3420 1072 3502 potest
1092 3409 1163 3474 hoc

118 3500 243 3587 vulgari
260 3521 339 3581 usu,
364 3510 399 3565 ut
414 3497 489 3562 lieri.
505 3497 636 3562 saletio
651 3496 702 3560 his
718 3494 891 3573 formulis,
914 3495 1181 3561 constructione·

119 3587 295 3650 coniuncta
319 3605 385 3650 csse
407 3583 504 3650 verba
533 3593 613 3648 onte
646 3581 747 3647 diem.
799 3581 884 3646 Nam
907 3579 1098 3646 Plutarchus
1122 3582 1162 3648 in

117 3671 228 3734 Numa
252 3694 284 3758 p.
301 3674 359 3734 161.
381 3669 423 3734 D.
448 3669 691 3734 dicit=Romam
715 3667 882 3732 conditam
908 3662 965 3749 πρὸ
990 3667 1060 3732 δέκα
1089 3671 1163 3750 μιᾶς
1352 3741 1360 3752 .

116 3751 276 3843 sictcvdoir
301 3758 407 3838 μαΐων.
437 3765 468 3819 et
488 3757 523 3820 in
544 3753 669 3844 Poplic.
692 3776 728 3844 p.
756 3757 827 3817 101.
849 3752 888 3817 Ε.
915 3772 991 3815 cum
1013 3751 1162 3839 'ferqui-
1201 3806 1206 3812 .
1248 3777 1251 3783 ’

117 3840 371 3938 niispugnatum
387 3861 454 3904 esse
470 3837 527 3923 πρὸ
541 3845 611 3922 μιᾶς
626 3842 782 3905 καλανδῶν
800 3839 940 3921 pausiae:
963 3834 1163 3926 sedDiony··‚

118 3927 185 3991 sius
202 3933 232 3992 6.
246 3930 365 4015 pllio.
380 3923 502 4014 τετάρτῃ
517 3924 574 4010 11ρό
589 3929 650 3989 τῶν
665 3926 951 4007 εἰδῶνδεκεμβρίων,
962 3923 1051 4010 quod
1069 3925 1162 4011 apud

56 4067 69 4076 ,
117 4013 248 4078 Livium
276 4017 337 4092 89,
365 4011 425 4086 50,
444 4013 474 4074 4.
499 4035 532 4074 c.
553 4010 587 4073 d.
607 4009 667 4074 IV
688 4011 766 4075 idua
790 4007 989 4074 decembres.
1033 4010 1162 4075 Gellius

118 4099 177 4184 qui
192 4101 231 4178 5,
256 4096 546 4184 17.,scripsitun-te
561 4094 652 4159 diem
670 4115 794 4183 quoque
817 4105 975 4184 quartum
992 4093 1162 4162 calendas

119 4183 172 4250 tel
187 4194 303 4250 noune
322 4181 374 4250 vel
398 4181 495 4266 idus,
527 4191 702 4280 tamquam
723 4181 906 4246 ominutem
930 4178 1022 4247 diem
1041 4179 1159 4268 pteri-
