2866 4754
251 391 333 420 ,„
589 341 721 410 nuru.
841 319 845 325 ’
1030 352 1170 440 ,aas

206 500 262 568 111.
307 505 337 566 1.
367 496 570 565 Arocabulo
585 516 679 564 nuru
699 497 927 586 distinguimus
942 467 1166 592 praepositio-
1201 492 1203 516 ¹

124 608 202 652 neni
212 609 302 676 prae
317 586 456 652 notione
472 583 512 648 ab
527 584 643 648 ordine
658 584 848 671 desumpta:
868 592 1165 678 quapropterhaec
1202 639 1205 646 .
1270 595 1272 600 ’

123 675 263 762 proprie
279 673 395 748 dicitur
410 671 451 735 de
462 693 498 734 re
505 669 596 756 prius
612 669 735 759 agenda
750 680 783 734 et
794 669 836 768 dd
850 693 1055 773 quacunque
1066 701 1165 765 prag,
1201 713 1203 720 .

125 762 253 824 stantia.
297 761 340 824 At
356 753 496 842 vulgaris
510 775 586 818 usus
602 753 681 818 haec
691 751 731 817 ab
747 765 978 842 antiquissimis
993 784 1060 826 iam
1075 774 1165 830 tem·
1205 790 1208 802 ·

124 845 262 931 poribus
277 843 426 910 miscuit:
456 839 556 905 veluti
572 840 861 925 grammaticorum
879 846 1054 920 auctoritas
1075 849 1165 936 apud

124 941 276 994 nostrum
294 929 410 1012 vulgus
426 925 578 988 nonduin
598 923 724 1005 effecit,
758 934 797 987 ut
813 927 969 994 vocabula
978 928 1046 1028 fiis
1060 943 1092 997 et
1107 956 1166 1000 aar

126 1026 275 1080 accurate
299 1013 550 1099 distinguantur.
606 1007 709 1093 Igitur
733 1021 813 1073 ante
840 1011 936 1076 etiam
959 1019 1098 1112 ponitur
1126 1020 1168 1086 de

26 1176 30 1183 J
115 1121 179 1175 eo,
197 1099 288 1186 quod
302 1101 394 1186 prius
409 1095 458 1172 fit,
486 1106 542 1160 aut
559 1115 638 1194 prae
655 1093 723 1158 aliis
737 1091 836 1158 rebus
850 1096 1039 1166 conficitur:
1064 1125 1167 1190 quare

127 1185 338 1274 coniungitur
376 1204 452 1246 cum
485 1180 591 1246 verbis
621 1201 896 1268 praeoccupare,
935 1205 1167 1274 praeparare,

118 1271 384 1359 praecogitare,
404 1266 597 1354 praescire,
619 1275 652 1330 et
672 1264 742 1330 aliis
759 1263 855 1329 huius
872 1268 1018 1351 generis,
1041 1283 1167 1342 etcum

126 1356 280 1423 adverbio
302 1355 418 1444 prius.-
445 1351 486 1416 de
501 1369 569 1437 quo
583 1350 779 1436 pleonasmo
801 1349 957 1416 dixerunt
971 1354 1109 1424 Linacer
1124 1361 1167 1426 de

124 1442 265 1508 Emend.
290 1449 405 1504 struet.
422 1441 452 1503 6.
477 1459 514 1525 p.
529 1436 605 1502 476.
640 1437 802 1502 vavassor
824 1435 994 1506 Antibarb.
1022 1463 1059 1530 p.
1089 1447 1165 1512 488.

122 1527 264 1616 Bangius
279 1549 314 1615 p.
332 1527 426 1594 1178.

228 1662 285 1716 Lir.
301 1659 352 1725 21,
367 1659 417 1725 20,
436 1658 461 1712 8.
478 1666 697 1730 praeoccupatas
709 1659 764 1711 iam
785 1668 850 1714 ante
867 1657 903 1712 ab
926 1653 1083 1715 Hannibale
1096 1652 1168 1718 Get·
1214 1690 1218 1696 ·

193 1749 283 1804 lorum
300 1736 409 1800 animos
428 1761 495 1798 cese.
519 1743 564 1794 ubi
581 1743 633 1795 rid.
650 1743 851 1796 Drakenborch.
867 1739 918 1808 42,
935 1742 986 1808 47,
1003 1745 1029 1798 2.
1060 1747 1103 1813 10,
1123 1743 1168 1814 41,

193 1835 221 1888 9.
237 1831 276 1887 ad
296 1841 392 1883 nutum
411 1829 521 1889 omnia,
537 1836 569 1879 ut
585 1845 619 1880 ex
638 1837 704 1880 ante
723 1838 911 1899 praeparata,
927 1827 1015 1899 fiunt.
1033 1830 1170 1886 ubimulta

128 1919 129 1924 ’
195 1920 248 1972 alia
267 1915 401 1974 Drakenb.
419 1911 545 1977 Quinctil.
562 1911 596 1974 2,
612 1907 648 1976 4,
668 1909 711 1963 28.
727 1931 792 1966 nam
811 1911 878 1986 quid
896 1911 926 1967 lii
942 1915 1053 1984 possint
1068 1941 1102 1958 -·
1120 1918 1190 1989 qui*
1238 1961 1240 1968 ,

193 2004 279 2059 etiam
305 2003 334 2054 in
358 2000 409 2066 iis,
435 2014 505 2070 quae
529 2004 595 2048 sunt
618 1998 790 2059 communia,
819 2007 847 2050 et
871 2000 899 2051 in
916 1995 1046 2071 plurimis
1063 2003 1171 2056 caussis

195 2095 358 2144 tractantur,
375 2080 586 2154 vulgatissimos
606 2097 702 2135 sensus
718 2079 818 2146 uerbis,
837 2084 893 2136 nisi
911 2091 990 2134 tanto
1008 2092 1073 2137 ante
1089 2104 1170 2155 prae·

196 2174 315 2246 paratis,
332 2166 464 2240 prosequi
480 2174 626 2237 irequeant.
643 2165 662 2216 i.
679 2184 703 2218 e.
719 2184 768 2235 per
781 2175 835 2217 tam
849 2167 1073 2244 multumvtcmpue
1093 2179 1171 2224 eumn

140 2323 146 2327 ἣ
193 2253 365 2327 praeparetis.
399 2252 455 2304 Liv.
475 2247 526 2314 40,
552 2245 594 2316 4,μ
613 2248 655 2302 13.
677 2246 792 2320 femina
808 2249 846 2304 ad
863 2249 953 2304 multo
976 2263 1041 2306 ante
1056 2272 1171 2323 praeco·

194 2342 314 2410 gitatum
339 2335 466 2392 revoluta
485 2331 612 2406 facinus.
637 2333 687 2401 36,
708 2334 758 2400 tr,
779 2333 821 2389 12.
847 2341 918 2392 satis
936 2336 1057 2410 undique
1075 2339 1171 2408 provi·

196 2445 258 2482 sum
274 2434 392 2496 anteque
411 2431 590 2493 praecautum
613 2431 664 2474 est.
687 2419 732 2472 ubi
757 2421 809 2474 rid.
829 2425 946 2476 Gronov.
973 2421 1173 2491 etnd721‚82,

131 2565 140 2571 ,
195 2511 222 2566 7.
255 2513 362 2563 Terent.
380 2507 461 2559 Andr.
480 2507 512 2571 1,
531 2505 565 2571 5,
582 2505 609 2562 3.
629 2525 744 2562 uxorem
761 2507 885 2564 decrerat
903 2507 970 2561 dare
987 2524 1047 2562 sese
1065 2510 1105 2562 mi
1121 2505 1181 2562 tus

194 2597 262 2651 diei
285 2612 375 2647 nonne
398 2594 526 2662 oportuit
551 2594 703 2661 praenisse
727 2613 771 2649 me
795 2595 885 2648 ente?
917 2597 1024 2646 Sueton.
1051 2595 1111 2648 Tib.
1127 2592 1172 2648 67.

196 2680 282 2742 Tacit.
297 2682 364 2730 Anu·
383 2675 425 2742 11,
444 2675 470 2730 7.
488 2675 567 2728 nihil*
580 2697 598 2733 a
616 2691 754 2752 quoquam
771 2681 946 2750 expeti,‘ni'si
963 2680 1040 2732 auius
1052 2673 1172 2747 fructus

195 2775 261 2820 ante
284 2759 462 2831 praeviderit.
497 2761 548 2812 Sed
572 2762 692 2815 Lacteus.
715 2757 749 2814 de
773 2764 844 2832 opit.
862 2763 888 2814 d.
902 2763 935 2826 2,
949 2762 975 2815 2
995 2761 1171 2832 quemadma-

195 2849 263 2904 dum
289 2857 381 2900 tamen
403 2849 465 2900 vita
488 2863 583 2898 earum
606 2849 693 2899 tutior
721 2856 806 2907 esset,
833 2857 899 2900 anta
923 2845 1060 2917 providit.
1098 2847 1172 2901 Haec
1240 2901 1246 2910 ,

118 2933 123 2942 “
196 2934 283 2987 omnia
303 2931 383 2983 etiem
402 2947 459 2982 cum
476 2928 602 2980 vocabulo
620 2931 700 2999 prius
715 2932 839 3000 componi
855 2931 951 2986 eolcnt.
984 2930 1100 2984 Licinii
1116 2947 1181 3004 nou,

166 3037 169 3042 ·
194 3036 257 3074 raro
274 3015 396 3070 adverbia
419 3013 570 3065 omiserunt.
638 3079 640 3090 Ι

230 3127 312 3181 Plaut.
332 3126 406 3178 Trin.
422 3121 457 3188 5,
475 3123 510 3188 2,
527 3121 569 3180 17.
588 3143 668 3196 qaam
684 3145 737 3200 ega
764 3146 813 3182 nec
833 3129 881 3200 qui
896 3135 969 3182 esset
984 3112 1099 3193 norem,
1124 3147 1170 3183 ne·

154 3283 157 3288 Ι
197 3233 251 3285 que
267 3231 327 3267 eum
344 3219 412 3264 ante
426 3226 541 3280 usquam
558 3212 696 3289 conspexi
707 3215 794 3282 prius.
818 3213 893 3282 Hinc
904 3214 983 3284 prius
1000 3222 1171 3284 antequam

195 3297 291 3366 Virgil.
310 3300 374 3347 Aen.
398 3289 433 3354 4,
460 3293 503 3345 24.
527 3291 595 3346 milii
619 3295 666 3349 vel
684 3295 768 3350 tellus
790 3307 885 3368 optem
908 3297 987 3368 prius
1010 3300 1067 3351 ima
1093 3291 1171 3351 detit-

196 3391 275 3444 scat,
294 3407 328 3422 -
343 3389 419 3444 ante,
432 3377 540 3450 pudor,
562 3397 644 3448 quam
664 3389 691 3433 te
709 3379 799 3436 violo.
835 3382 888 3444 Cic.
905 3381 998 3450 Philip.
1023 3379 1057 3448 Β,
1074 3378 1109 3442 8,
1125 3377 1171 3435 23.
1228 3444 1233 3450 .

197 3465 326 3539 dixitque
342 3482 372 3518 se
391 3481 447 3517 non
463 3473 530 3517 ante
555 3465 774 3520 renuntiaturum
799 3469 925 3531 senatui,
950 3467 1004 3520 nisi
1021 3466 1100 3535 prius
1116 3461 1173 3520 sibi

195 3549 402 3620 respondisset,
420 3548 488 3622 quid
498 3545 633 3619 facturus
654 3560 742 3616 esset,
766 3569 849 3623 aarum
873 3569 908 3604 err
927 3547 981 3604 itta
1006 3551 1172 3604 circumscri-

196 3638 295 3706 ptione
312 3635 463 3690 excederet.
480 3635 518 3686 ita
533 3634 638 3704 plurimi
654 3634 772 3687 codices:
792 3636 839 3689 sed
855 3653 944 3688 omnen
960 3633 1047 3686 critici
1064 3633 1172 3690 abiece-

197 3729 261 3771 rnut
279 3731 338 3772 non
357 3730 423 3774 unte
440 3729 468 3772 et
485 3738 542 3772 cum
561 3723 663 3774 Faerno
680 3713 838 3774 renuntiare
858 3720 1037 3788 explicuerunt
1050 3717 1084 3769 do
1100 3719 1173 3773 exitu

114 3851 115 3858 ,
195 3804 335 3871 legationis
355 3803 509 3858 nuntiando.
544 3805 745 3874 Intelligendum
761 3816 801 3857 est
818 3803 986 3875 legationem
1005 3806 1171 3886 renuntiare,

197 3887 438 3954 ιι1Ι.ἱν.39,33,
461 3889 485 3942 1.
503 3899 531 3941 ct
547 3891 677 3944 sententia
695 3890 734 3941 ita
753 3889 917 3960 accipienda:
938 3889 1005 3942 dixit
1024 3907 1078 3942 non
1094 3900 1173 3942 antee

196 3972 259 4023 loco
281 3991 309 4024 ec
334 3973 506 4026 discessurum
525 3993 581 4027 cese
596 3974 631 4025 ad
646 3975 846 4028 renuntiandam
862 3975 1039 4042 legationem,
1055 3973 1107 4026 nisi
1125 3991 1173 4026 rex

197 4057 250 4109 sibi
282 4060 462 4132 respondisset
486 4059 575 4130 prius,
603 4076 679 4130 quam
711 4078 744 4116 ex
770 4061 818 4114 itta
848 4060 1089 4132 circumscriptione
1121 4075 1172 4112 ex·
1195 4133 1197 4138 Α

198 4141 313 4200 cederet.

880 4244 1016 4312 25'
