2786 4748
247 367 310 432 aas
425 447 432 472 .
477 352 480 362 '
623 347 807 459 e'ere.¹
837 365 904 436 ec.
943 335 946 342 ’

251 520 449 604 intercedat,
474 543 574 611 supra
592 522 854 610 expositumest.
895 523 1002 612 Atque
1022 521 1058 588 id
1079 545 1150 589 non
1173 522 1298 588 infrin-

251 607 339 695 gitur
354 606 571 700 praecedente
588 611 773 698 negatione

364 745 418 800 Cic.
437 744 471 798 ad
487 746 558 797 Fam.
577 745 602 810 1,
624 746 648 799 1.
665 763 718 820 ego
735 749 810 805 omni
827 739 925 822 officio
943 739 1090 825 dcfpott'ut
1107 743 1214 816 pietate
1230 763 1296 815 erga

319 840 349 884 te
367 834 464 884 ceteris
480 827 631 901 satisfacio
650 830 795 897 omnibus:
811 831 879 892 midi
895 835 953 904 ipsi
969 849 1118 904 numquam
1137 825 1312 900 satisfaciu

258 951 260 961 .
318 915 352 970 ad
370 919 425 970 Att.
441 915 473 979 8,
493 912 535 970 16.
555 916 664 986 siquid
681 917 710 968 in
729 927 756 972 te
772 918 902 986 peccaui,
924 937 958 972 uc
972 920 1070 990 potius
1085 919 1217 987 quoniam
1234 936 1294 986 pec·

319 1002 389 1070 onvi-
411 1000 430 1051 i.
444 1021 467 1052 e.
486 1000 544 1052 und
559 999 701 1056 uielmehr.
742 1001 840 1071 Sulpic.
862 1001 897 1053 ed
916 1003 970 1054 Cic.
987 1003 1021 1067 4,
1042 1001 1076 1077 5,
1095 1001 1137 1056 12.
1156 1003 1243 1054 etiam
1261 999 1294 1054 ab

318 1081 393 1138 hisee
410 1096 441 1140 tu
457 1083 538 1142 rebus
552 1090 674 1142 animum
690 1107 724 1143 aa
737 1090 939 1158 cogitationem
952 1097 1029 1142 tuam
1046 1104 1144 1150 avoca,
1164 1097 1248 1156 atque
1264 1107 1296 1140 ea

296 1169 414 1246 'postus
432 1163 619 1236 reminiscere,
636 1191 706 1244 quae
724 1171 809 1244 digna
834 1182 881 1228 tua
898 1157 1018 1243 pertonsa
1034 1180 1113 1246 'sunm
1147 1167 1252 1224 aenei
1271 1173 1294 1237 1,

309 1251 365 1318 20,
383 1251 426 1306 68.
461 1256 515 1310 Cio.
531 1255 563 1309 de
585 1261 657 1312 Orat.
673 1257 707 1322 2,
726 1255 758 1312 18
771 1295 779 1323 ,
790 1252 841 1332 ὶ74.
861 1257 909 1328 qui
922 1256 1070 1332 numquam
1088 1259 1244 1310 sententias
1262 1257 1295 1310 de

284 1340 287 1346 '
316 1326 443 1392 manibus
463 1340 584 1396 iudicum
602 1335 633 1396 iri
653 1341 775 1413 quadum
793 1337 933 1397 orationis
951 1343 1131 1405 extorsimus,
1149 1361 1183 1393 ac
1199 1345 1296 1412 potius

315 1421 439 1494 placetis
466 1444 559 1482 eorum
585 1429 687 1481 animis
712 1435 838 1488 tantum,
869 1423 1002 1498 quantum
1028 1427 1085 1497 ipsi
1106 1425 1295 1496 patiebantur,

318 1512 484 1580 accepimus.
511 1512 530 1563 i.
549 1529 573 1564 e.
599 1510 657 1563 und
682 1529 713 1563 so
732 1509 884 1566 'vielmebm
920 1515 1013 1578 Horat.
1040 1515 1093 1562 Sat.
1121 1511 1152 1576 1,
1176 1513 1208 1574 11,
1235 1513 1295 1564 109.

318 1594 418 1647 Dubito
436 1579 532 1662 tamen,
546 1613 581 1648 an
602 1611 656 1648 non
673 1607 745 1650 recte
760 1587 889 1650 scribatur
905 1597 934 1648 in
953 1597 1007 1648 cie.
1027 1595 1060 1648 de
1077 1597 1141 1667 Leg.
1162 1597 1188 1661 1,
1206 1597 1232 1662 6,
1254 1598 1295 1650 18.

316 1695 375 1730 non
392 1690 434 1733 est
447 1685 506 1746 ita,
528 1681 652 1756 Quinte:
679 1702 713 1736 er
729 1681 985 1755 potiusignoratio
1000 1679 1133 1752 ttngtosa
1151 1692 1193 1735 est
1210 1701 1295 1754 quem

257 1779 260 1788 ⁴
317 1767 445 1836 scientia.
472 1769 556 1820 'Certe
581 1787 615 1820 ar
640 1771 736 1837 pocius
761 1785 817 1821 non
840 1767 910 1822 idem
934 1768 1009 1821 velet
1028 1766 1099 1837 q‘uod
1122 1767 1172 1822 sed
1187 1772 1294 1838 potius.

316 1848 422 1904 Lucret.
447 1839 568 1919 8,“968.
589 1861 673 1926 atque
696 1855 782 1912 etiam
808 1850 920 1926 potius,
945 1853 971 1906 si
996 1869 1146 1941 numpuam
1172 1853 1212 1906 sis
1238 1873 1294 1908 mo·

306 1937 430 1994 ‘siturum
682 1951 688 1960 ¹
1028 2011 1031 2020 ⁴
1073 2010 1077 2023 ’
1119 2009 1122 2016 .
1189 2000 1191 2006 Α

250 2117 252 2122 .
329 2053 383 2120 10.
417 2057 466 2123 Aa
484 2073 634 2138 stnnu.
664 2059 714 2124 De
729 2057 781 2124 his
795 2055 903 2123 verbis
926 2054 1098 2122 Sohiiteius
1121 2053 1317 2145 praeeipit,'

250 2156 287 2199 ea
310 2145 471 2228 componi
492 2147 555 2226 ita,
591 2155 627 2209 ut
650 2145 752 2210 altera
770 2163 945 2228 reasquee
968 2141 1064 2206 adiun
1088 2144 1172 2224 itur,
1194 2143 1295 2210 simul

249 2228 465 2311 concedatur,
484 2231 656 2318 redditque
669 2230 760 2296 hunc
775 2245 908 2295 sensum
921 2166 1100 2293 ¹uernacuio
1118 2225 1293 2315 undjrei-

135 2327 138 2346 ·
190 2345 191 2350 1
248 2307 328 2374 licie.
371 2312 436 2378 Sed
460 2317 668 2404 exemplum,
688 2338 765 2404 >quo
782 2316 903 2393 utitur,
931 2334 1000 2378 non
1017 2313 1093 2376 satis
1109 2323 1225 2401 aptum
1239 2315 1293 2378 vi-

247 2393 344 2468 detur
359 2397 436 2463 huic
454 2401 673 2500 explicationi.
714 2403 799 2466 Nam
823 2401 857 2464 in
882 2399 987 2478 verbis
1006 2399 1073 2462 Cic.
1090 2397 1130 2463 de
1145 2400 1242 2463 Orat.
1261 2407 1292 2482 1,

193 2517 196 2522 ·
246 2478 285 2556 4,
309 2481 360 2547 14.
385 2507 427 2547 uc
444 2507 558 2572 primo
577 2486 712 2575 quidem
732 2487 837 2551 totins
860 2483 998 2573 generis
1022 2485 1163 2572 ignari,
1192 2485 1294 2555 sicuti
1383 2535 1384 2548 .

245 2564 280 2627 in
298 2565 366 2632 aliis
384 2563 540 2658 exemplis
556 2572 672 2636 transit
686 2573 793 2638 oratio
820 2571 859 2634 ad
878 2591 950 2634 rem
969 2571 1186 2656 persingulas
1211 2594 1292 2658 par-

246 2658 296 2712 tus
320 2657 502 2723 accuratius
528 2656 758 2732 definiendam.
806 2657 914 2742 Atque
937 2655 1017 2719 haec
1041 2666 1108 2746 est,
1130 2665 1167 2718 ut
1189 2678 1293 2744 supra
1382 2683 1383 2702 ¹

247 2735 314 2803 dixi
323 2785 333 2818 ‚
353 2743 494 2828 propria
509 2743 687 2831 particulae
703 2745 799 2810 visin
815 2741 1046 2810 constituenda
1064 2744 1290 2829 expositione,

105 2883 108 2897 .
138 2870 146 2904 s
247 2841 347 2909 quum
361 2827 477 2914 reddas
491 2852 553 2919 per
569 2830 640 2913 itu,
660 2829 732 2894 und
746 2850 795 2919 so.
851 2873 853 2880 ι

274 2959 282 2968 “
349 2965 404 3018 Cio.
428 2967 461 3020 de
485 2970 559 3036 Oret.
584 2965 623 3040 3,
643 2964 693 3033 48,
718 2963 778 3018 186.
811 2963 906 3039 Quare
929 2973 981 3017 aut
999 2965 1082 3033 paria
1108 2970 1167 3018 etse
1190 2962 1294 3018 debens

237 3095 240 3100 .
314 3051 470 3117 posteriora
489 3049 688 3125 superioribus,
705 3059 829 3108 extrema
845 3050 957 3120 primis,
982 3046 1125 3118 autiquod
1148 3051 1232 3101 etium
1251 3059 1296 3102 est

257 3141 260 3167 ¹
311 3132 412 3188 melius
428 3147 457 3191 et
474 3137 629 3200 iucundius,
650 3135 787 3208 longiora.
806 3134 899 3206 Atque
913 3131 980 3186 haee
997 3133 1106 3206 quidem
1125 3131 1161 3185 ab
1178 3135 1213 3186 iis
1230 3133 1295 3223 phi·

313 3215 455 3291 Iosophts,
481 3240 550 3294 quos
576 3233 606 3274 tu
631 3211 750 3274 maxime
775 3211 888 3290 diligis,¹
922 3215 1039 3282 Catule,
1060 3217 1229 3272 dictasunt.
1265 3218 1294 3282 8,
1380 3261 1381 3305 4

311 3301 363 3367 29,
392 3304 452 3357 117.
478 3305 513 3371 3,
538 3305 589 3371 10,
612 3304 656 3359 38.
679 3299 714 3356 de
738 3307 838 3356 lavent.
862 3302 946 3367 1,1.
968 3302 992 3355 1.
1020 3303 1111 3373 Saepe
1127 3314 1155 3358 et
1173 3302 1296 3357 assultum

310 3383 364 3439 hcc
383 3407 487 3446 mesum
505 3393 644 3462 cogitavi,
661 3389 760 3444 bonine
777 3407 814 3441 an
839 3386 908 3440 maii
930 3386 998 3459 plus
1025 3387 1153 3441 attulerit
1175 3389 1296 3444 homini·

312 3468 364 3524 ines
380 3483 408 3527 et
426 3474 585 3529 ciuitatibus
604 3475 686 3545 copia
705 3473 818 3543 dicendi¹
835 3491 1018 3528 assummum
1042 3471 1219 3544 eloquentiae
1237 3485 1297 3528 ste·

311 3554 398 3612 dium.
419 3587 453 3600 -
478 3561 521 3614 Ac
543 3579 585 3614 me
611 3557 721 3632 quidem
746 3561 913 3629 cogitantem
931 3561 1005 3612 ratio
1022 3557 1086 3628 ipsse
1104 3559 1134 3612 in
1150 3555 1225 3612 irene
1243 3576 1297 3631 po·

311 3644 452 3698 tissimum
468 3648 633 3700 sententiam
651 3644 736 3698 ducit.
772 3645 861 3698 Celsus
880 3641 914 3712 7,
935 3639 977 3694 14.

324 3756 364 3822 In
385 3763 455 3838 aliis
482 3763 634 3852 sequitur·
654 3763 839 3852 oppositiva
865 3763 1024 3851 particula
1052 3761 1130 3846 sed,
1162 3774 1296 3828 autem.
1378 3763 1379 3766 ’

244 3839 334 3906 Tum
364 3869 434 3912 non
463 3851 642 3915 cohaerent
664 3874 706 3914 uc
727 3847 874 3936 qreidem.
927 3849 1013 3914 Cels.
1039 3851 1224 3930 8‚11.uc
1251 3849 1298 3914 de

239 3926 365 4010 fractis
382 3934 518 4019 quidem
540 3934 667 4004 ossibus
686 3936 848 4000 leuotenus
868 3933 996 4000 dictum
1012 3932 1067 3998 sit.
1112 3932 1314 4000 Moventur.

244 4025 359 4078 autem
374 4041 416 4082 eu
434 4030 496 4085 etc.
529 4022 602 4086 vide
620 4045 654 4108 p.
670 4021 744 4086 494.
787 4020 825 4084 In
842 4019 1061 4108 aliisquidem
1075 4015 1298 4084 affirmationi
1376 4059 1377 4066 .

185 4125 187 4130 ¹
241 4099 397 4184 inservit,
418 4104 599 4194 adquam,
620 4117 789 4194 tamquam
813 4105 946 4171 adrem
971 4106 1006 4170 in
1033 4123 1149 4168 rerum
1171 4126 1299 4172 conse-

244 4187 406 4270 quutione
427 4189 643 4278 deprensam,
669 4215 710 4257 uo
728 4192 889 4282 perducit.
