2834 4756
518 297 680 437 61611.
721 353 788 416 ae.
903 339 905 346 ‘
1083 355 1147 420 aar

105 503 186 570 berc
202 481 363 570 vocabula
380 491 618 567 immediatum
637 513 775 580 vacant,
795 503 972 590 pertinent.
993 553 997 560 .
1015 499 1145 572 'famen

104 593 290 678 quaeritur,
306 611 387 654 uum
404 600 505 675 61666
520 609 584 673 pro
600 589 674 674 ipso
686 589 848 654 vocabulo
865 590 1006 670 statim,
1024 594 1144 658 omissa

105 677 201 740 omni
216 675 435 762 copulatione,
452 682 611 770 penatum
637 673 669 736 id
685 673 775 758 qued
792 674 831 739 de
848 676 981 740 6611166
1007 695 1067 740 666
1092 677 1143 742 af·
1164 683 1169 698 ¹

103 759 275 827 firmarunt
289 759 494 847 grammatici
524 757 670 832 Servius,
692 759 837 842 Nonius,
862 761 923 825 Gel
939 761 1004 833 iu's,
1037 783 1142 847 quum
1217 751 1224 778 '

104 841 309 934 disputarent
338 844 379 910 de
406 843 483 908 loeo
511 841 638 930 Virgilii
655 844 775 928 Georg.
790 851 838 925 .1‚t
851 851 924 910 202.
953 847 984 910 ai
998 843 1143 913 brachiu

33 949 36 958 ’
97 929 191 1020 farte
206 930 355 1011 remisit,
379 915 590 1016 usquelitlnm
604 929 819 1014 1661666666
834 951 948 1016 prono
967 933 1063 1017 rapit
1084 925 1147 998 6ἰὲ

102 1039 184 1082 6666
206 1015 313 1080 amni.
356 1013 399 1078 Et
421 1015 461 1078 dc
478 1012 539 1076 hac
554 1037 590 1078 re
604 1013 709 1078 multa
732 1014 885 1078 dixerunt
907 1015 1086 1084 Palmsrius
1106 1020 1141 1084 iu

43 1132 45 1144 ·
66 1125 74 1160 ι
104 1101 256 1189 Spieileg.
274 1122 308 1187 p.
326 1104 400 1166 619.
420 1102 551 1164 Gruter.
566 1098 667 1162 Thes.
684 1097 727 1162 Τ.
744 1098 800 1164 lv.
823 1115 825 1126 ·
844 1097 998 1164 Schnttus
1014 1103 1048 1168 in
1067 1100 1152 1180 0164Ι
1212 1121 1216 1128 ’

102 1209 186 1254 serv,
205 1195 294 1274 poet.
309 1191 348 1264 2,
374 1184 429 1248 24.
451 1184 565 1249 Carrio
583 1181 755 1248 Emendat.
769 1190 809 1264 2,
832 1189 883 1248 12.
904 1183 1041 1250 Carolus
1059 1191 1142 1256 Ani-⁴

103 1271 212 1337 madv.
227 1273 262 1336 16
279 1269 422 1336 Gellium
441 1273 498 1347 10,
523 1274 575 1334 29.
598 1267 761 1334 Acidalius
779 1263 970 1336 1611161661.
986 1271 1020 1334 in
1036 1273 1143 1342 Plauti

101 1358 198 1424 Milit.
214 1379 243 1421 e.
259 1361 290 1421 2.
322 1355 425 1420 Cerda
443 1353 481 1416 ad
498 1355 557 1418 Vir
580 1354 614 1420 il.
630 1356 751 1441 Geurg.
775 1361 812 1433 2,
836 1359 912 1420 2086
935 1353 1083 1424 Grcncv.
1099 1360 1142 1424 ad

100 1443 169 1508 Lir.
193 1447 254 1524 26,
274 1447 326 1506 89.
347 1439 388 1504 60
409 1438 517 1504 Tacit.
571 1441 624 1504 ist.
646 1445 695 1522 8,
710 1445 760 1504 17.
792 1437 830 1504 60
858 1439 1000 1505 Gellium
1026 1447 1064 1518 2,
1088 1450 1141 1512 29.
1168 1449 1201 1476 “’

34 1544 40 1561 ·
101 1525 213 1593 Barth.
236 1523 277 1592 nd
301 1527 382 1590 8161.
407 1521 654 1594 Thenete.
677 1529 735 1600 12,
765 1529 839 1592 860.
861 1521 1140 1598 1161666016.
1204 1567 1211 1596 i
1260 1549 1265 1556 ·
1368 1588 1370 1596 .

101 1616 163 1692 27,
185 1617 245 1689 21,
265 1615 297 1676 7.
325 1611 480 1676 Graevius
505 1609 540 1674 in
558 1608 699 1679 Rheter.
724 1609 765 1673 ad
791 1611 935 1676 Herenu.
964 1615 1003 1691 4,
1023 1616 1076 1678 29.
1098 1612 1141 1678 ad

102 1697 172 1762 Cic.
196 1695 345 1773 canite,
372 1701 404 1760 2.
443 1695 590 1760 Davisius
617 1705 649 1760 61
679 1695 897 1784 Oudendorp.
931 1697 970 1762 60
997 1698 1082 1763 Hirt.
1105 1699 1139 1766 b.

19 1828 21 1835 ·
99 1781 172 1848 Afr.
189 1786 243 1846 28.
257 1781 438 1846 Burmann.
456 1779 642 1852 adPhaedr.
662 1784 698 1860 1,
724 1785 782 1863 16,
805 1785 837 1848 6.
860 1782 901 1846 60
917 1783 1033 1868 Virgil.
1051 1786 1090 1849 G.
1109 1791 1138 1865 1,

100 1873 175 1933 208.
197 1867 380 1931 Burmann.
404 1866 476 1930 Sec.
497 1865 536 1929 ad
557 1865 694 1930 Anthol.
718 1865 760 1930 T.
783 1865 825 1931 ll.
842 1890 877 1956 p.
893 1869 968 1934 608.
996 1867 1138 1936 Bothius

101 1951 142 2017 ad
165 1949 313 2017 Plaustt
337 1951 381 2016 id.
399 1955 473 2034 208.
495 1951 704 2032 6161111166
727 1961 802 2038 apta
823 1952 976 2052 exempla
1000 1976 1139 2042 compa-

99 2048 150 2102 rat
166 2035 298 2102 Gebhar
323 2079 332 2098 .
351 2037 387 2102 in
403 2036 567 2124 Crepund.
590 2042 627 2116 1,
656 2041 707 2102 16.
728 2036 903 2102 Salmasius
920 2059 955 2103 ru
967 2039 1137 2106 8611682.

101 2121 182 2188 6066
200 2123 346 2188 correxit
368 2122 539 2198 ecdicum,
566 2118 911 2205 6161666616111616,
937 2146 1023 2212 qnae
1038 2137 1139 2214 61666

100 2209 243 2274 1666616
269 2205 443 2274 61601616
468 2217 528 2272 661.
575 2229 614 2286 re
636 2217 673 2271 ut
694 2207 833 2293 inventu
855 2221 915 2274 661.
945 2210 1036 2297 66661
1055 2197 1139 2285 16661
1198 2237 1202 2244 ⁴

100 2230 580 2466 16661616ῑὲ·
599 2292 1139 2467 eretentatursa

86 2463 167 2538 ¹Nec
192 2463 308 2530 melius
333 2463 474 2551 Silligius
508 2460 663 2539 emendat¹
693 2465 810 2530 Catull.
834 2470 894 2546 76,
918 2405 1138 2554 1161116111

101 2543 767 2639 661666669166666,6166616116616666
788 2550 933 2634 reducis.
962 2551 1054 2639 quasi
1078 2566 1136 2632 61-
1206 2555 1216 2584 ⁸

100 2657 162 2724 666
183 2657 244 2722 666
266 2633 519 2722 6116161161666.
567 2635 635 2700 Nos
655 2638 805 2722 primum
835 2635 1021 2719 videamus,
1035 2665 1040 2686 ¹
1054 2661 1138 2726 quae

70 2725 223 2802 ‘veteres
243 2721 450 2808 grammatici
475 2719 629 2796 aderant,
660 2721 821 2806 exempla.
866 2721 1002 2788 Suntea
1019 2735 1138 2810 pocta·
1248 2745 1252 2803 ζ

99 2827 175 2872 rum
200 2805 329 2884 omnia,
361 2816 531 2870 oratorum
550 2805 692 2868 nullum.
735 2801 888 2882 Enniusc¹
913 2818 1013 2893 61666
1038 2820 1140 2895 61666

100 2889 280 2966 adscendit
302 2912 415 2954 muros
438 2905 584 2952 romane
606 2889 770 2954 16666166.
801 2890 841 2953 dc
856 2888 991 2977 Jquibus
1012 2893 1140 2958 Nonius

102 2979 162 3052 12,
181 2977 232 3040 44.
253 2975 342 3062 quod
357 2985 406 3046 661
414 2969 543 3060 festine
557 2985 590 3054 61
603 2972 857 3060 intrepidanter
871 2976 1070 3042 adscendit:
1092 2979 1139 3045 ita

99 3061 189 3126 enim
215 3060 389 3145 legendum
417 3069 485 3135 661,
504 3081 574 3122 666
589 3055 725 3147 festiue.
769 3061 891 3125 Gellius
917 3067 974 3138 10,
997 3067 1049 3128 29.
1062 3087 1142 3150 ,ge-2

97 3147 198 3211 minei
219 3145 249 3208 si
262 3143 354 3232 fiat,
369 3155 484 3230 'auget
501 3143 822 3230 intenditquerem,
846 3145 888 3210 de
912 3169 978 3235 666
999 3149 1139 3234 agitur.-

97 3243 138 3296 61
156 3230 457 3295 aninruduertimus
472 3228 512 3293 in.
530 3229 572 3311 Q.
586 3227 696 3294 Ennii
711 3231 904 3312 annalibus,
924 3232 994 3296 nisi
1010 3257 1139 3298 memo·-

54 3356 58 3363 1
96 3316 282 3382 riuinlaoc
299 3337 393 3379 uersu
410 3312 526 3379 ludar.-
548 3325 680 3401 61666
700 3328 828 3414 61666
856 3317 1138 3382 6666011666-

96 3401 598 3468 rosrnmunniurentus.
645 3398 709 3464 Cui
728 3399 979 3488 significationi
998 3411 1139 3490 cqntr'u-
1200 3431 1202 3434 ·
1301 3433 1302 3436 ¹

96 3487 191 3553 rium
211 3495 278 3566 661,
307 3485 396 3573 quod
412 3483 569 3549 itidemne
584 3484 746 3560 ueteribus
762 3486 892 3551 dictum
909 3487 1139 3637 6616116666.

53 3613 60 3625 -
96 3571 150 3638 Et
160 3582 347 3658 praeterea
360 3593 426 3656 pra
443 3571 515 3636 clio
530 3593 654 3658 666666
669 3570 830 3636 adverbio
857 3571 1002 3648 dicitur,
1033 3574 1047 3638 i
1072 3588 1139 3656 ¹est

97 3655 272 3722 atatim.-
308 3657 398 3745 66661
429 3656 466 3720 16
496 3656 549 3720 laia
574 3654 726 3720 uersibus
752 3653 902 3746 Virgilii
925 3655 1140 3726 existimatur

97 3739 238 3808 obscure
259 3752 292 3806 et
314 3743 524 3828 insequenter
536 3741 716 3826 particula
736 3740 806 3806 1616
821 3741 943 3829 positu
967 3765 1047 3810 esse.
1089 3745 1140 3813 Nc
1180 3765 1183 3773 ’

96 3827 242 3892 nimium
261 3837 318 3891 aut
341 3827 484 3892 alienum
507 3827 586 3912 quid
607 3827 784 3912 particulae
807 3829 1007 3909 tribuamus,
1039 3843 1140 3920 61666
1215 3832 1218 3838 ’
1325 3851 1326 3858 ’

96 3914 134 3977 16
150 3911 341 3995 Enniiloco
361 3915 430 3976 666
449 3912 541 3980 aliter
554 3922 666 4000 potest
680 3913 835 4000 intelligi,
856 3936 955 4001 quam
971 3925 1008 3978 ut
1020 3919 1138 4003 proxi-

95 4018 175 4076 mus
198 4017 322 4074 nexus,
353 4018 418 4083 quc
449 3997 621 4062 adscensus
643 3998 807 4065 ,iuvenum
831 4021 905 4064 eum
928 4003 1140 4068 antecedente

98 4083 244 4168 quadum
264 4081 391 4148 actione
415 4079 624 4170 cohaerebat,
654 4081 821 4172 apparen't.
862 4087 998 4151 Vertere
1019 4109 1140 4176 possu-

97 4187 176 4232 mus
191 4165 265 4236 und
278 4191 334 4247 66,
349 4165 431 4234 und
445 4189 483 4234 so
504 4166 595 4255 stieg
616 4166 673 4235 die
693 4169 856 4248 remissie
871 4171 1006 4256 Selinur
1019 4195 1060 4238 zu
1074 4171 1142 4240 den
1197 4241 1200 4245 .

852 4279 891 4338 81
