2786 4748
304 326 366 390 su
659 367 681 418 z
739 319 892 402 arom.
944 355 976 404 „
1021 358 1023 361 -

301 483 411 549 Duell‘
431 461 534 568 igitur
556 473 633 542 citat
668 458 984 562 vocabuli-'pitteus
1016 473 1116 543 altera
1144 479 1303 568 oppositio,

269 633 273 638 ,
306 566 408 633 altera
431 561 667 646 confirmativa,
710 559 751 624 Et
768 561 907 648 ⁴inservit
921 563 1037 652 'ipsum
1060 567 1305 634 sententiae-con·

189 689 198 703 =
262 647 266 662 ’
304 651 482 720 traciacita
498 643 734 740 opponendaec
755 647 874 712 utrius
891 648 937 732 vis
954 671 1011 737 per
1026 652 1269 715 asseverationem
1284 659 1305 712 et

298 761 366 830 per
381 736 521 805 veritatis
539 732 845 816 confirmationem,
870 732 950 800 dum
974 736 1109 800 dicimus
1130 758 1194 800 rem
1219 744 1305 822 sturptc

204 865 207 875 ·
273 832 465 926 potestate
490 819 612 897 valere,
646 817 750 904 magis
773 817 911 894 eluceat.
961 823 1075 908 ¹Atque
1097 821 1304 908 quadruplicem

239 917 241 924 '
306 915 516 976 observamus
532 927 627 970 risum
648 903 743 988 huius
764 905 964 994 particulae,
988 908 1022 971 in
1049 909 1251 996 oppositionis
1267 929 1304 968 as·

226 1039 234 1048 ,
299 993 524 1062 severellam,
545 993 577 1056 in
600 989 777 1071 sententia,
800 1012 882 1077 quae
907 991 977 1062 aliis
1002 993 1161 1066 concessis
1182 1003 1231 1056 out
1249 993 1306 1054 mis-

278 1127 280 1132 ·
304 1075 367 1161 iis,
386 1099 478 1142 suam
494 1077 539 1156 ¹ob
554 1077 621 1156 vim
637 1098 738 1168 aeque
756 1077 1019 1166 ude'oquemagis
1039 1077 1257 1166 consideranda
1270 1077 1304 1154 sit,

303 1169 338 1233 iu
357 1165 648 1251 anteoccupatione
670 1172 702 1226 et
724 1163 759 1226 in
784 1165 1028 1252 assumptione,
1059 1183 1140 1254 quac
1161 1186 1228 1228 cum
1246 1184 1304 1226 cco·

302 1253 447 1318 elusione
465 1250 604 1337 quadam
625 1248 800 1314 coniuncta
814 1259 873 1315 est.
920 1251 1051 1316 Veteres
1071 1251 1235 1336 scriptores
1256 1266 1303 1310 nou

303 1360 418 1403 omnes
432 1337 641 1404 consentiunt
656 1334 689 1397 in
710 1334 813 1420 buius
823 1329 1070 1414 vocabuliusu,
1096 1338 1210 1424 quippe
1222 1333 1267 1420 qui
1279 1331 1305 1394 ad

302 1443 450 1512 graecam
469 1421 647 1496 dictionem
666 1419 893 1486 conformatus
911 1443 978 1486 esso
999 1422 1153 1486 videatur.
1173 1422 1228 1485 Alii
1242 1418 1305 1483 eoin

268 1526 339 1592 {eo
358 1508 503 1572 omniuo
527 1527 594 1571 nou
619 1516 770 1582 utuntur,
799 1526 981 1593 numquam
1004 1507 1132 1588 Varro,
1160 1523 1306 1592 numquam

267 1675 269 1679 ,
300 1596 396 1662 etiam
413 1593 544 1660 Celsos:
557 1602 559 1611 ‘
570 1593 706 1670 alii-eius
720 1601 936 1680 potestatem,
957 1592 1017 1673 ubi
1028 1593 1101 1658 lieri
1117 1601 1247 1681 poterat,
1264 1611 1305 1652 rc-

300 1681 414 1763 cabulp
433 1691 532 1767 atque
551 1677 893 1763 comprehendebant.
938 1679 1050 1759 Quare
1068 1681 1177 1744 multis
1195 1680 1224 1742 in
1236 1675 1305 1750 locis,

296 1765 538 1860 praesertim‘iu
562 1765 786 1850 assumptione
814 1774 846 1827 et
868 1764 909 1843 iq
929 1767 1156 1853 occupationis
1177 1760 1305 1832 formulis,
1348 1809 1349 1828 ,

298 1856 326 1919 sl
345 1851 420 1917 libri
443 1850 557 1936 scripti
581 1850 722 1925 variant,
742 1849 828 1934 quid
855 1849 897 1914 ab
922 1861 1055 1921 auctore
1080 1849 1253 1939 profectum
1267 1845 1304 1914 sit,

297 1938 450 2004 constitui
473 1955 541 2000 non
564 1946 683 2024 potest.
735 1935 847 2034 Ωυίἀ»,
879 1935 968 2022 quod
989 1939 1167 2002 recentiori
1187 1947 1306 2020 tempore

243 2069 246 2076 s
296 2025 474 2112 scriptores
500 2021 653 2085 nonnulli
682 2021 923 2088 ad‘discrrmcn
953 2021 1078 2088 harum
1104 2021 1305 2112 particularum
1348 2019 1349 2098 l

217 2155 221 2162 ·
295 2112 358 2200 ipsi
376 2130 444 2173 non
463 2107 635 2195 diligenter
649 2106 867 2176 attenderunt.
1058 2111 1069 2132 ⁴
1134 2167 1150 2178 M
1348 2181 1349 2190 ¹

378 2193 405 2260 Ι.
441 2200 470 2258 1.
498 2193 668 2274 obiectio,
694 2213 776 2278 quas
793 2193 985 2280 simpliciter
1005 2193 1133 2266 refutat
1151 2193 1305 2261 aliamseo·
1348 2225 1349 2262 q

294 2278 663 2360 tentiamtcdntrariam,
687 2289 743 2342 aut
759 2278 962 2346 contrarium
983 2283 1066 2367 quid
1088 2278 1243 2371 opponit,
1265 2293 1306 2338 ct·
1348 2271 1349 2324 l

293 2367 450 2462 primitur
464 2386 526 2452 per
541 2375 598 2461 pt,
620 2386 688 2429 non
704 2387 764 2451 per
778 2364 875 2452 utqui
883 2415 892 2445 ‚
915 2387 1023 2452 neque
1043 2363 1109 2432 hoc
1125 2389 1185 2455 pro
1200 2362 1250 2428 illo
1262 2378 1306 2454 P.⁰'

292 2453 390 2518 situm
409 2463 566 2536 usquam,
592 2448 654 2531 nisi
671 2451 758 2536 apud
775 2453 974 2516 recentiores
990 2455 1178 2606 scriptores
1192 2459 1222 2516 et
1234 2447 1306 2512 iuris·

228 2565 233 2575 =
259 2554 265 2572 ¹
294 2536 481 2610 consultos,
498 2535 672 2622 re'pcriturr
694 2535 780 2600 Nam
802 2537 876 2624 qai,
897 2537 986 2625 qood
1011 2541 1054 2604 arl
1083 2549 1188 2617 aeret,
1209 2549 1305 2619 expen-

292 2623 339 2688 dit
360 2619 608 2710 qacdammodo
633 2621 701 2686 vim
724 2622 919 2706 sententiae,
946 2622 1107 2714 additque
1120 2627 1308 2702 ¹momentum

255 2709 258 2719 “
286 2709 423 2798 aliquod
439 2704 679 2775 affirmationis.

401 2827 506 2897 leian.
524 2825 553 2878 in
570 2827 670 2894 Digest.
688 2825 721 2890 8,
738 2825 772 2892 5,
792 2828 817 2884 1.
835 2828 981 2904 sepulchre
997 2842 1097 2885 uatem
1111 2831 1201 2884 nostri
1217 2817 1308 2880 dominii

357 2925 413 2964 nou
424 2922 513 2986 gnate
537 2917 618 2985 atqui
643 2916 720 2965 viam
744 2912 785 2966 ad
806 2915 983 2986 sepulchrum
1010 2924 1164 2988 possumus
1186 2910 1308 2968 vindicare·

330 2996 373 3046 -i.
391 3013 414 3047 c.
432 3006 472 3050 at.
507 2995 589 3049 Plaut.
609 2997 675 3050 Rud.
696 2997 729 3060 3,
748 2997 839 3063 4,14.
858 3001 904 3052 Lu.
923 3013 1011 3058 tecum
1030 3021 1099 3074 ago.
1120 3005 1167 3060 Ta,
1186 2997 1257 3074 atqui
1270 3009 1308 3044 me·

292 3076 300 3085 ”
356 3099 415 3132 eom
433 3082 571 3154 agendam
589 3091 640 3136 est.
659 3083 728 3152 quod
746 3086 831 3154 accipi
847 3098 935 3156 potest
951 3107 1001 3160 pro
1020 3098 1052 3142 at
1073 3107 1186 3152 aterum,
1204 3103 1253 3138 nou
1264 3095 1308 3132 tum

285 3206 287 3210 ψ
353 3164 425 3219 illd:
452 3167 499 3219 sed
521 3167 606 3218 maior
627 3165 698 3219 inest
720 3169 774 3220 vis:
801 3187 861 3248 uatq
889 3183 965 3224 antea
984 3176 1135 3240 Daemones
1154 3173 1249 3224 dixerat
1265 3177 1308 3216 cum

355 3253 425 3304 istoc
445 3253 582 3321 primum,
606 3252 653 3323 qui
679 3251 827 3317 te'novit,
852 3255 975 3324 disputa.
1009 3259 1137 3311 Affirmat
1162 3258 1240 3325 igitar
1258 3252 1308 3302 Tre·

354 3334 441 3416 chelis
459 3354 491 3389 ex
509 3355 556 3388 sua
574 3347 649 3406 parte
668 3337 804 3406 idhqood
818 3341 963 3394 Daemones
980 3341 1061 3416 dirit.

289 3517 292 3520 Ι
335 3523 342 3536 .
368 3443 400 3502 2.
429 3437 552 3536 Errant
567 3441 607 3519 ii,
627 3441 701 3526 qui,
721 3439 941 3508 Facciclatum
959 3447 1115 3531 sequuti,
1137 3445 1252 3510 docent
1266 3447 1308 3503 ct·

281 3544 340 3672 ppt
356 3545 438 3610 pont
452 3525 486 3588 in
504 3527 690 3590 continuata
707 3529 866 3592 sententia
882 3547 946 3615 pro
963 3542 1078 3620 atque,
1097 3543 1199 3620 atque
1213 3526 1307 3593 etiam·

241 3613 248 3632 ‘
314 3630 368 3672 um
395 3631 471 3674 uam
497 3611 584 3679 enim
609 3613 705 3700 atqui
730 3613 851 3678 coniun
876 3613 900 3677 it
928 3616 1079 3704 aequalia
1110 3628 1168 3682 aut
1197 3611 1307 3680 'similia

281 3692 339 3758 sed
363 3715 382 3757 u
408 3695 494 3782 ique
513 3697 744 3764 adversativam
771 3637 1046 3788 sigoibcotioucm
1072 3701 1137 3767 sibi
1161 3697 1306 3790 proprium
1346 3733 1347 3760 t

279 3777 450 3876 perbibet,
477 3804 584 3872 neque
607 3783 803 3858 sententiam
820 3783 1310 3876 consequurtone,productio,
1346 3801 1347 3862 Τ

264 3866 523 3934 utsttundso.
563 3867 603 3934 Id
619 3893 689 3936 noo
714 3870 791 3934 satis
813 3871 963 3938 distinxit
987 3873 1268 3962 Voorda‚·quum
1286 3865 1309 3926 111
1346 3907 1347 3914 κ

276 3948 367 4014 Lect.
383 3949 473 4021 Tutt.
489 3976 518 4019 c.
536 3957 566 4020 8.
584 3955 624 4020 dc
641 3955 810 4042 utriusque
827 3957 975 4024 vocabuli
992 3953 1190 4027 discrimine
1214 3958 1311 4046 ageret·

189 4104 200 4114 .
216 4049 223 4058 “
277 4046 311 4098 ct
326 4035 545 4106 Schwartuius
564 4041 598 4106 in
615 4041 802 4108 Turscllioo
821 4041 903 4110 falsa
919 4046 1076 4132 apposuit
1091 4045 1247 4136 exempla
1261 4037 1311 4104 Cic·

275 4122 389 4210 Agrar.
402 4127 441 4208 2,
456 4127 496 4212 :⁶⁴
516 4125 611 4210 Verr.
630 4134 665 4210 1,
684 4131 748 4210 42,
772 4131 862 4207 108„
884 4129 1057 4217 inquibus
1083 4150 1270 4216 necessario
1290 4130 1311 4184 et
