2866 4754
244 303 247 310 ’
301 305 311 334 1⁴

569 355 726 426 ·.aN.·
884 315 1318 466 'isses'v

67 551 73 563 ·
100 517 180 583 loco
197 496 345 600 additur,
365 524 526 603 usurpant
540 483 621 580 unm
636 550 679 568 -
694 535 763 597 ars,
786 513 878 602 quod
894 490 942 582 eit
958 535 1081 586 numne
1096 557 1139 570 -

102 628 170 685 an,
193 601 859 690 velomissavoculanum,simplexne,
877 603 984 688 quod,
1006 627 1139 672 neam-
1240 641 1251 650 —
1335 687 1339 696 Ι
1425 647 1426 704 5

100 689 243 774 biguitas
261 685 413 767 exsistat,
434 687 563 750 inversa
577 687 725 751 oratione
740 688 769 752 ei
791 685 893 751 verbo
916 687 1081 768 adiicitur,
1103 693 1139 757 in

100 797 169 860 quo
188 775 334 854 maxima
349 773 524 858 sententiae
539 771 586 834 vis
603 769 765 836 inhaeret:
789 771 875 837 velut
890 795 971 836 num
986 797 1049 856 mc,
1072 779 1139 844 sive

36 919 41 930 x
98 883 198 924 mene
217 855 345 946 secisse
363 854 495 942 putes?
529 855 586 920 ubi
617 867 840 944 exspectamus
868 860 1137 947 responsionem

98 969 171 1009 non
180 951 276 1032 puta.
318 945 389 1018 Hoc
405 939 471 1006 iam
486 941 742 1028 interrogatione
753 941 934 1008 indicatum
950 953 1028 1014 erat.
1069 944 1138 1012 Nee

99 1032 192 1095 deest
207 1051 335 1108 caussa,
358 1022 415 1090 c'ur
430 1027 464 1090 in
481 1027 583 1090 altero
601 1049 721 1112 genere
736 1027 864 1111 negatio
879 1051 963 1103 non,
983 1032 1019 1094 in
1034 1029 1137 1098 altero

99 1111 334 1180 affirmativum
350 1130 448 1187 rcum,
473 1111 563 1198 quod
586 1117 635 1175 est
656 1133 762 1192 nunc,
787 1112 900 1175 locum
921 1113 1048 1182 babeat.
1098 1115 1146 1194 tr:

96 1201 187 1282 hoc,
227 1198 316 1286 quod
342 1197 382 1260 ad
406 1196 635 1262 affirmandum
662 1197 783 1284 vergit,
810 1217 928 1284 genere
947 1221 1029 1264 rara
1052 1211 1141 1270 sunt

15 1321 19 1328 ·
97 1285 254 1371 exempla
284 1283 551 1369 interrogationis
580 1305 640 1371 per
669 1283 735 1346 duo
770 1281 922 1346 membra
951 1306 1137 1372 expressae:

97 1393 180 1436 nam
198 1361 415 1434 affirmatione
430 1378 503 1433 ante
516 1376 685 1453 occupata,
705 1365 791 1443 nihil·
805 1369 920 1443 attinet
932 1373 1138 1438 eontrarium

96 1457 154 1523 vel
170 1456 363 1546 oppositum
380 1474 653 1517 commemorare.
695 1453 759 1517 Sed
776 1461 887 1540 potest
911 1453 1020 1518 omitti
1041 1460 1138 1523 etiam

99 1544 205 1608 altera
220 1540 314 1628 prior
333 1559 427 1624 pars,
456 1539 514 1602 ubi
531 1539 579 1604 rei
595 1538 859 1625 probabilitatem
878 1542 1072 1606 econtraria
1087 1544 1140 1608 vel

99 1629 206 1694 aliena
234 1625 392 1689 sententia
418 1624 642 1710 designamus,
679 1623 743 1710 ipsi
766 1635 916 1688 nostram
944 1629 1139 1692 sententiam

97 1712 302 1786 cohibentes.
346 1712 451 1794 Atque
464 1711 499 1773 in
516 1731 553 1774 ea
567 1705 842 1796 interrogatione,
868 1710 958 1775 cuius
967 1760 976 1791 ,
999 1715 1027 1779 si
1042 1713 1155 1802 plena·

97 1795 207 1866 verbis
220 1795 465 1882 conciperetur,
492 1795 586 1883 prior
610 1815 687 1881 pars
707 1792 916 1879 negationem
938 1807 1011 1860 ante
1037 1821 1138 1862 occu-

96 1893 212 1973 patam
230 1883 264 1946 in
285 1884 319 1945 s'e
334 1869 487 1957 haberet,
508 1901 566 1967 per
579 1902 662 1944 num
677 1915 718 1929 -
735 1903 782 1944 an
798 1880 1062 1968 exprimendam,
1085 1907 1139 1948 se·
1176 1892 1182 1898 '

85 1970 208 2046 ,cunda
224 1989 320 2054 pars,
341 1973 423 2053 qu'ae
441 1963 642 2030 contrarium
659 1966 821 2045 continet,
850 1967 895 2030 ita
918 1964 1043 2031 intendi
1059 1979 1139 2056 pot·
1215 2027 1217 2030 .

97 2065 170 2134 est,
194 2063 249 2134 ut,
271 2050 391 2116 omissa
414 2050 538 2138 priori,
568 2051 640 2160 ipsa
667 2051 781 2138 potior
804 2049 878 2134 fiat,
912 2061 945 2114 at
964 2054 999 2116 in
1025 2053 1140 2118 locum

93 2140 267 2228 negandae
288 2137 338 2201 rei
357 2136 518 2200 succedat.
559 2136 674 2222 ltaque
702 2134 795 2201 aliter
815 2137 853 2202 in
884 2133 1139 2226 interrogatione

99 2227 139 2290 ad
159 2221 415 2289 affirmationem
436 2221 600 2285 inclinata.
650 2221 737 2286 Hace
762 2243 840 2286 vero
867 2222 995 2287 dicendi
1028 2223 1140 2292 forma

100 2310 191 2376 adid
209 2330 310 2396 genus
328 2307 489 2395 pertinet,
512 2307 601 2392 quod
623 2307 750 2371 ironiae
764 2308 908 2372 nomine.
923 2309 1138 2398 appellamus:
1169 2323 1170 2326 ’
1240 2319 1242 2332 ’
1286 2315 1287 2322 ’

99 2397 164 2462 Vbi
182 2395 271 2460 enim
293 2415 365 2460 rem
386 2392 592 2480 probabilem
613 2393 665 2456 vel
688 2390 915 2468 affirmandam
938 2395 989 2459 vel
1011 2417 1138 2484 negan-

53 2497 55 2500 ’
99 2482 304 2568 dampotius
319 2493 489 2542 censemus
498 2527 516 2558 „
529 2477 594 2542 hoe
619 2478 800 2565 indicamus
814 2479 965 2544 simulata
979 2477 1031 2546 rel
1045 2483 1139 2548 dissi·

99 2569 224 2632 mulcta
237 2563 467 2654 probabilitate
481 2564 578 2650 (quae
596 2574 642 2626 est
657 2564 776 2648 ironia)
795 2587 835 2630 ex
851 2565 954 2630 aliena
970 2569 1138 2644 sententia,

99 2653 341 2738 tribuimusque
358 2648 449 2713 alteri
463 2648 712 2736 secundaeparti
729 2649 995 2736 interrogationis
1010 2675 1139 2740 gravius

99 2737 253 2826 pondus,
276 2752 341 2822 quo
359 2727 419 2815 fit,
439 2741 476 2796 ut
498 2734 646 2797 atridem
660 2731 766 2798 valeat
784 2737 874 2821 quod
894 2761 941 2800 an
951 2739 1077 2820 potins,
1099 2734 1139 2802 ob

99 2822 285 2904 vielmelzr,
307 2830 339 2884 et
355 2819 639 2904 interrogationis,
660 2835 741 2904 quae
753 2839 823 2883 non
838 2820 1139 2894 nisidisiunetionis

102 2930 167 2996 ope
186 2905 377 2986 conficitur,
394 2903 542 3001 primum
549 2902 736 2966 membrum
755 2904 863 2978 omitti
876 2906 991 2991 possit.
1022 2907 1067 2990 ln,
1078 2907 1140 2972 bac

100 3015 181 3060 vero
191 2989 845 3058 sententiarumtransmutationenecesse
853 2998 900 3052 est
908 2993 1139 3080 mutarinega-

100 3069 644 3146 tivametaffirmativamtormam.
666 3073 1018 3164 DicuntigiturLatini,
1034 3095 1141 3164 quum

102 3166 152 3229 ad>
168 3156 425 3230 affirmationem
440 3159 617 3241 inclinant,
636 3179 700 3247 pro
724 3179 834 3224 nonne
855 3162 918 3224 Iso‘e
933 3183 1045 3226 verum
1069 3161 1143 3228 est?
1213 3200 1215 3205 s
1241 3173 1242 3178 ’

100 3251 201 3314 etiam
217 3272 264 3316 an
277 3271 346 3312 non
369 3263 482 3312 verum
497 3243 571 3310 est?
589 3242 780 3333 anfalcum
793 3243 884 3324 est?,
905 3239 941 3312 et
958 3246 1014 3312 ubi
1038 3271 1141 3336 nega·

101 3335 230 3402 tionem
258 3343 333 3400 ante
362 3335 543 3419 occupant}
580 3351 643 3418 pro
668 3351 751 3394 num
784 3329 940 3418 quidest
972 3337 1028 3397 cm
1053 3331 1143 3398 lius?

101 3423 201 3486 etiam
219 3431 269 3484 'cen
285 3417 367 3506 quid
383 3429 431 3482 est
457 3411 629 3502 amplius?
656 3437 800 3502 quorum
822 3416 904 3481 ittu'd
926 3356 1094 3504 signifiiat'
1106 3439 1141 3482 es

99 3505 177 3590 gibt
193 3505 279 3570 doch
285 3504 380 3569 niebt
389 3503 601 3590 wicbtigeres
611 3498 628 3566 ?
639 3499 713 3568 ¹hoc
725 3498 803 3589 gibt
818 3525 852 3568 es
861 3501 1019 3568 ciebnelrr
1033 3502 1141 3568 wieb-

102 3586 254 3678 tigeres?
271 3586 649 3674 siueodergibtesetsvu
657 3583 727 3652 aa?
744 3587 815 3650 Hoc
831 3585 930 3674 igitur
945 3588 1078 3652 tertium
1094 3598 1143 3653 est

127 3697 205 3741 enus
221 3671 486 3766 interrogationis
502 3673 538 3738 in
560 3672 733 3758 colloquiis
758 3693 796 3735 eo
819 3669 1020 3759 frequentius
1046 3673 1142 3738 adhi-
1195 3668 1203 3682 ‘

103 3697 229 3838 bitum,
254 3783 320 3850 quo
342 3759 446 3846 magis
468 3759 519 3823 vel
541 3757 720 3824 modestiae
739 3756 794 3823 ¹vel
816 3757 1008 3822 urbanitatis
1031 3781 1142 3824 caussa

91 3847 145 3909 ¹ad
163 3849 301 3913 alienam
315 3843 509 3910 sententiam
524 3845 735 3930 respicimus,
765 3843 1062 3931 eiqueorationeru
1076 3867 1143 3908 no·
1208 3875 1212 3885 ⁴

60 3943 63 3948 ⁴
105 3939 204 3997 stram
224 3929 525 3998 accommodamus.
570 3931 682 4008 Quum
707 3927 821 3992 Cicero
844 3928 886 3992 ad
907 3929 1002 3994 Attio.
1027 3935 1046 3994 8
1055 3975 1065 4007 ,
1089 3930 1142 3995 15.

105 4019 235 4083 scribit:
255 4016 316 4082 sed
330 4012 412 4102 quid
422 4011 550 4078 Curio?
571 4033 618 4077 uu
632 4014 732 4079 illam
747 4011 937 4079 orationem
952 4039 1021 4080 non
1034 4013 1145 4100 tegit?

107 4099 202 4170 dicit:
224 4104 345 4192 legitne
360 4099 670 4186 illamorat‘ionem,
698 4122 739 4164 an
762 4118 833 4164 non
854 4096 955 4187 legit?
983 4099 1142 4188 probabi·
1203 4185 1205 4188 Ι

104 4182 170 4255 lior
192 4190 322 4261 videtur
343 4180 519 4270 sententia,
552 4183 732 4270 catonem
753 4183 869 4275 legisse
892 4186 1078 4265 oraticnem
1109 4195 1142 4252 et
