2834 4756
508 216 549 314 ss
573 207 592 290 l*
779 211 788 242 ἱ
937 297 942 304 ·
977 295 979 306 ·
1184 241 1203 279 ⁸
1228 291 1231 309 ι

257 351 334 421 ''lbO
648 351 811 436 ATQVE.
854 353 920 420 A'G.
1077 403 1081 427 .

218 441 220 446 .
349 492 353 512 Ι
384 482 386 488 Α
512 493 514 502 ¹
589 479 594 508 ,
911 453 914 457 ,
987 445 993 482 Ι
1087 482 1089 486 Ι
1241 487 1243 494 Ι

166 522 168 527 ’
269 511 427 602 exemplis
453 511 580 602 egregie
609 509 827 596 perspicitur,
854 511 889 574 in
919 507 1035 595 quibus
1060 522 1160 599 atque
1182 512 1305 578 admitti

268 598 360 664 nullo
374 610 471 687 pacto
495 597 611 684 possit.
656 594 741 658 Nam
765 595 902 660 dicimus
917 595 1086 660 bominem
1111 599 1227 662 animo
1252 611 1304 662 ut-

263 690 331 773 'que
350 695 489 770 corpore
497 692 700 768 praestare.-
722 690 754 743 at
769 703 839 744 non
858 681 937 744 item
953 693 1039 746 recte
1057 679 1157 746 boabo
1176 695 1305 748 constat

181 817 187 823 ·
269 771 385 834 animo
401 781 499 856 atque
514 787 669 852 corpore,
702 766 818 851 quibus
842 766 948 830 verbis
972 777 1082 853 partes
1101 769 1206 832 variae
1227 791 1304 833 cou-

265 855 460 942 iungantur,
482 873 551 915 non
572 855 840 936 aequiparemur:
864 873 963 938 quare
987 873 1061 916 cum
1079 853 1232 917 omnibus
1248 855 1304 917 bo-

183 959 185 964 ·
267 941 318 1003 nis
344 937 559 1036 scriptoribus
588 936 719 1020 Sallust.
735 933 810 1026 (lug.
834 942 866 1000 2.
890 936 971 1000 dixit
991 959 1100 1026 genna
1123 939 1304 1012 hermanum

266 1033 487 1110 compositum
501 1045 541 1084 cx
557 1041 702 1109 corpore·
714 1033 746 1088 et
766 1023 887 1085 animo
911 1033 971 1086 eat.
1014 1021 1108 1086 Haec
1122 1035 1232 1088 alitem
1256 1047 1304 1088 ea-

177 1139 181 1146 ·
258 1106 342 1174 ’dem
361 1107 408 1173 es't
426 1128 536 1170 caussa
545 1119 553 1180 3
578 1117 782 1192 quapropter
803 1117 912 1194 partes
937 1108 1112 1185 orationis,
1143 1131 1249 1195 quae·
1273 1131 1304 1172 er

265 1206 365 1280 atqu-e
387 1195 649 1275 coniunguntur,
685 1193 804 1256 arctius
828 1195 1003 1276 cohaerere
1019 1191 1179 1258 videntur.
1223 1133 1303 1258 iliam

211 1331 215 1339 ‚
262 1277 522 1366 inhaerent-sibi
538 1277 677 1341 invicem
696 1286 727 1338 et
746 1277 838 1374 quasi
864 1275 1047 1342 confluunt.
1090 1279 1187 1362 Vnde,
1210 1282 1303 1345 etiam

260 1363 319 1446 fit',
344 1375 381 1427 ut
396 1363 474 1426 baec
491 1361 651 1450 particula
666 1361 738 1425 eam
753 1383 788 1426 m
808 1367 844 1426 se'
862 1363 998 1449 recipiat
1016 1363 1303 1436 vimldemonstra-

261 1447 378 1529 tivum,
395 1470 478 1538 qua,
499 1457 662 1511 utrarum
680 1468 848 1510 connexus
868 1449 1085 1538 percipiatur,
1102 1451 1249 1514 animum
1267 1451 1303 1514 ad

260 1534 360 1600 'aliam
386 1557 457 1600 rem
482 1533 579 1596 simul
609 1531 954 1618 comprehendendam
977 1535 1145 1622 perducit,
1169 1545 1303 1622 eamque

263 1643 369 1708 aequo
386 1617 487 1684 modo
504 1617 773 1681 considerandam
786 1629 959 1684 monstrat.
999 1619 1062 1683 Vbi
1078 1621 1177 1706 igitur
1192 1645 1301 1708 gram·

148 1741 152 1752 =
256 1707 392 1785 anatiei,
420 1723 524 1790 quum
546 1702 702 1768 vidissent
725 1704 760 1766 in
782 1704 895 1768 multis
916 1703 998 1768 locis
1020 1727 1224 1791 pronomina
1246 1705 1300 1770 de-

255 1791 476 1856 monstrativa
493 1798 525 1886 et
537 1789 720 1876 personalia
739 1792 898 1875 proximo
919 1789 996 1854 loco
1017 1811 1092 1854 cum
1114 1790 1174 1854 hac
1199 1794 1301 1879 parti·
1385 1811 1386 1832 ¹

261 1877 333 1942 cula
359 1895 535 1960 componi,
569 1874 668 1938 veluti
695 1885 794 1960 atque
818 1875 894 1957 ille,
919 1887 1019 1962 utque
1042 1899 1123 1963 ego,
1148 1875 1214 1941 hoc
1232 1880 1300 1976 qui-

165 1972 170 1984 '
258 1964 335 2028 dem
355 1969 549 2046 argumento
564 1958 834 2022 demonstrarunt
850 1972 950 2048 atque
964 1983 1027 2047 ego
1042 1965 1124 2048 poni
1157 1985 1228 2028 roe
1250 1987 1301 2028 ut·
1385 1949 1386 2030 l

258 2047 358 2128 dem,
382 2059 418 2110 ut
435 2043 672 2109 fecitTellerns
688 2044 728 2106 ad
746 2044 876 2110 Sallust.
891 2069 925 2132 p.
940 2051 1037 2126 302„
1058 1985 1301 2113 conliindeiant
1385 2061 1386 2118 j

176 2184 178 2191 ι
259 2154 409 2198 caussam
426 2149 554 2193 sumre
572 2151 612 2194 ex
628 2151 665 2192 ea
681 2131 807 2193 exorta.
858 2131 945 2194 Nam
969 2132 1179 2219 coniungitur
1202 2146 1300 2221 atque

255 2304 383 2370 huntur
406 2300 627 2390 pronomina,
659 2297 692 2363 id
715 2305 786 2364 non
810 2301 880 2366 sola
908 2303 1141 2368 consuetudine
1164 2302 1221 2385 fit,
1246 2305 1299 2369 sed

255 2389 395 2456 ratione.
431 2387 499 2450 Cic.
518 2386 609 2450 Orat.
631 2391 669 2466 2,
690 2391 721 2449 7.
744 2397 844 2474 utque
867 2409 930 2485 ego
954 2388 991 2452 in
1012 2411 1142 2454 summo
1165 2402 1299 2455 oratore

245 2471 419 2562 fingendo
444 2471 548 2534 talem
568 2467 777 2559 informabo,
802 2473 913 2558 quales
926 2470 1087 2560 fortusse
1101 2497 1200 2540 nemo
1214 2473 1300 2563 satit.

254 2561 293 2623 ln
318 2559 370 2621 bis
399 2545 534 2635 Cicero,
568 2565 746 2644 postquam
775 2569 990 2646 exposuerat,
1027 2563 1300 2646 quam.arduun1

255 2653 340 2710 esset
356 2651 521 2730 praestare
539 2641 743 2740 eloquentia,
777 2643 895 2707 transit
911 2643 950 2708 ab
969 2644 1027 2721 iis,
1054 2647 1110 2730 qui
1132 2669 1166 2710 se
1188 2648 1297 2712 studio

241 2729 460 2815 eloquentiae
476 2726 677 2809 dediderint„
701 2728 740 2790 ad
757 2749 853 2793 suum
868 2729 1041 2793 consilium
1051 2779 1060 2811 ,
1085 2731 1176 2817 quasi
1192 2731 1299 2796 dictu-

201 2867 203 2877 ,
233 2835 328 2900 ,rusa
349 2813 399 2878 uti
413 2814 472 2877 ista
487 2834 521 2877 se
538 2811 679 2891 babent,
707 2814 752 2876 ita
768 2835 828 2900 ego
843 2815 944 2878 talem
958 2813 1168 2892 informabo,
1193 2818 1298 2902 qualis

252 2897 393 2966 {amasse
414 2917 514 2964 nemo
539 2896 611 2964 fnit.
663 2899 750 2962 Haeo
777 2899 927 2964 universa
948 2912 1127 2989 praecepta
1148 2913 1297 2970 tenentes

206 3013 210 3023 ·
251 3007 314 3052 nos
331 2984 481 3072 exempla
496 3005 584 3050 nunc
601 3005 641 3047 ex
656 2984 774 3047 ordine
794 2985 1018 3072 disponamus.
1119 3018 1122 3028 ·

313 3063 362 3136 Ἰ.
398 3076 426 3135 1.
457 3071 503 3134 Ac
518 3070 668 3156 primum
681 3070 841 3156 particula
856 3087 978 3150 ATQvu
994 3071 1222 3160 idfproprium
1236 3073 1297 3138 ha-

251 3157 324 3234 bet,
348 3166 385 3220 ut
401 3156 568 3220 unitatem
593 3155 771 3219 notionum
795 3155 1007 3238 interiorem,
1037 3179 1227 3244 nexumque
1244 3181 1297 3224 re-

214 3255 232 3322 ,
251 3263 328 3312 rum
351 3242 385 3306 in
414 3241 538 3326 aequali
561 3241 690 3304 ratione
709 3242 927 3328 conspicuam
948 3241 1129 3330 significet.
1183 3245 1296 3318 Vuitas

250 3328 343 3392 enim
367 3326 422 3390 illa
448 3325 499 3390 vel
519 3326 590 3412 ipsa
612 3337 748 3411 apparet
769 3327 804 3390 in
832 3326 928 3392 rebus
950 3329 1047 3392 unius
1069 3329 1214 3416 generis,
1243 3329 1296 3394 vel

203 3450 206 3454 ·
251 3412 535 3478 conficiturrebus
549 3408 589 3474 ad
607 3431 707 3474 unam
731 3411 895 3476 rationem
917 3435 1023 3499 aequo
1047 3415 1149 3478 modo
1176 3414 1295 3480 confe-

197 3503 204 3516 “
247 3498 370 3566 randis.
413 3497 491 3576 Quo
507 3494 641 3582 quidem
654 3513 775 3576 luove
796 3497 902 3562 differt
919 3497 958 3565 ab
976 3517 1040 3574 ΕΤ,
1058 3499 1149 3584 quod
1163 3523 1295 3564 meram

249 3582 520 3648 coniunctionem
537 3579 688 3656 denotat,
711 3593 825 3668 atque,
848 3593 886 3645 ut
902 3582 987 3658 dixi,
1011 3583 1208 3672 ubicumque
1229 3587 1294 3662 ob-

248 3670 331 3732 tinet
345 3667 458 3732 locum
477 3685 584 3730 suum.
613 3666 667 3730 ‘In
683 3667 911 3732 connectendis
937 3679 1045 3734 autem
1068 3669 1119 3735 his
1142 3672 1294 3736 notioni-

247 3752 308 3818 bus
327 3751 485 3816 similibus
502 3762 535 3816 et
550 3751 715 3840 cognatis,
741 3754 808 3816 sive
823 3773 881 3817 sua
896 3763 1013 3818 natura
1028 3747 1294 3839 cohaerentibus,

247 3857 360 3902 sensus
390 3837 566 3924 particulae
590 3849 690 3923 atque
711 3837 806 3900 reddi
829 3849 940 3925 potest
964 3841 1087 3906 verbis:
1118 3854 1211 3904 ut-
1225 3843 1293 3924 ite,
1383 3911 1384 3926 ,

245 3924 401 4008 itemque.
446 3921 548 4009 Saepe
574 3922 654 3988 haec
672 3921 771 3987 dictio
796 3923 1043 4012 amplificationi
1060 3927 1156 3991 unius
1176 3929 1291 3991 nomi-

245 4010 297 4074 nis
318 4005 463 4071 inservit.

302 4113 308 4132 ”
359 4107 456 4177 sulpic·
482 4105 551 4176 apud
577 4108 631 4160 Cic.
661 4108 697 4172 ad
720 4109 798 4164 Fam.
819 4109 854 4175 4,
881 4111 914 4178 5,
942 4108 984 4164 14.
1011 4109 1107 4164 nullus
1134 4110 1213 4165 labar
1234 4063 1289 4175 inst,

254 4193 259 4198 ’
317 4209 395 4309 quetp
413 4186 469 4247 aba
486 4189 677 4264 longinquitas
701 4197 835 4266 temporis
855 4197 962 4251 minuat
981 4215 1018 4289 ae
1032 4187 1154 4270 molliat.
1187 4197 1239 4250 Cic.
1261 4216 1289 4266 p.

1332 379 1339 408 l

135 2199 137 2202 Ι
212 2239 334 2301 Ιοιιη]
349 2215 602 2306 pronominibus
618 2216 689 2302 ipsa
706 2235 764 2280 sua
782 2216 814 2280 vi
831 2237 867 2279 ac
886 2227 1019 2296 natura,
1044 2227 1075 2280 et
1092 2218 1182 2306 quod
1202 2231 1300 2283 attra·
1385 2219 1386 2230 ’
