2826 4750
621 373 685 457 1,·
709 373 782 457 cn,
824 373 944 458 Ans„

322 556 340 588 a
355 531 487 609 Pyrrho,
519 529 693 592 Hannibale,
722 529 911 603 Philippoque
934 538 962 581 et
989 523 1131 582 Antiocho
1152 521 1297 598 defensum

323 633 364 676 est
381 620 462 674 aliud
483 635 566 690 quam
581 615 725 697 libertas?
757 615 803 668 nbi
825 616 878 668 rid.
903 617 1000 668 Deuca.
1036 613 1131 665 Caesar
1149 615 1178 663 B.
1198 612 1252 664 Cir.
1271 611 1296 674 1,

321 705 356 770 6,
374 705 400 756 8.
424 704 558 774 pecuniae
581 720 601 754 a
627 703 786 772 manicipiis
810 703 967 772 exiliantur.
1002 697 1055 750 eie.
1076 698 1109 747 ad
1126 700 1180 747 Att.
1197 697 1229 759 1,
1257 691 1298 746 15.

282 783 286 794 ’
323 785 419 844 nullae
435 783 503 840 milri
520 784 570 839 abs
588 797 616 840 te
636 797 700 841 sunt
720 786 848 840 redditae
869 785 986 840 litterae.
1007 781 1163 848 11111126,
1187 779 1298 844 89,10.

320 881 482 943 recuperata
511 870 579 927 urbe
607 867 642 926 alr
667 872 816 944 Rauracis.
838 870 857 920 i.
874 889 897 923 e.
917 869 961 938 qui
980 884 1037 921 eam
1054 866 1216 918 olru'nebant.
1252 865 1298 913 lu-

324 957 384 1008 stin.
401 953 452 1019 43,
472 952 508 1020 5,
524 955 551 1008 9.
568 977 587 1010 a
605 955 705 1031 quibus
721 953 891 1025 redemptam
909 972 1007 1025 pacem
1025 960 1220 1024 cognoverant.
1237 948 1300 1000 tid.

219 1063 223 1068 ·
319 1041 422 1110 Sciopp.
449 1041 543 1091 lutam.
568 1045 640 1094 Fam.
668 1061 694 1112 p.
709 1039 767 1095 184.
794 1040 853 1093 136.
886 1043 976 1094 Vorst.
999 1039 1032 1090 de
1048 1039 1135 1091 Latin.
1150 1053 1214 1087 mer.
1230 1052 1298 1101 susp.

271 1142 278 1154 ·
325 1146 348 1178 ο.
376 1115 417 1178 12.
452 1125 549 1177 Cellas.
574 1129 693 1178 Antibar.
723 1125 749 1178 5:
770 1147 796 1198 p.
819 1125 880 1179 225.
915 1123 1019 1179 licinius
1049 1122 1082 1176 de
1105 1120 1205 1187 Ambig.
1229 1137 1256 1187 p.
1273 1116 1299 1170 8.

322 1209 499 1264 Ruddimann.
515 1230 543 1280 p.
557 1211 619 1268 213.
634 1215 666 1264 'n‘
679 1212 705 1264 2.
721 1222 776 1263 not.

358 1315 429 1376 Quae
452 1300 491 1366 111
508 1314 558 1367 hac
583 1316 722 1385 prudentia
743 1313 910 1373 abhorreant,
925 1326 1009 1378 panca
1024 1317 1128 1360 suntet
1142 1307 1300 1382 recentiora.

317 1399 459 1474 'Suetonius
478 1399 511 1450 de
531 1402 644 1451 Granum.
660 1398 701 1452 19.
723 1395 883 1453 Scribonius
896 1393 1100 1465 Aphrodisius,
1125 1390 1232 1446 orbitis·
1245 1410 1301 1446 ser·

321 1504 374 1538 uus
393 1495 478 1556 atque
492 1483 661 1555 discipulus,
681 1501 747 1538 crox
761 1502 779 1536 a
799 1478 945 1536 Scribonia
958 1504 994 1520 -
1008 1472 1175 1566 redemptus.
1212 1479 1300 1540 Quinz

322 1570 378 1620 cu'l.
401 1569 517 1623 Declam.
540 1566 603 1624 844.
631 1569 775 1638 redempta
805 1566 933 1618 meretrix
952 1582 970 1615 a
991 1560 1086 1615 divite.
1119 1562 1204 1613 Tacit.
1228 1563 1300 1615 nist.

322 1651 349 1718 3,
367 1649 410 1706 34,
440 1656 470 1703 In
490 1653 561 1704 curt.
580 1653 615 1718 3,
636 1654 687 1718 12,
702 1653 750 1728 16.
775 1649 931 1706 Libertatis
949 1665 1058 1721 queque
1075 1648 1105 1702 in
1122 1645 1299 1700 admonendo

266 1743 269 1748 ’
318 1757 357 1810 ,ιο
377 1753 433 1790 nori
448 1736 523 1792 alius
542 1742 585 1793 ius
601 1737 739 1792 babebat.-
760 1735 836 1812 quod
855 1746 946 1787 tamen
960 1736 1000 1786 ita
1019 1729 1178 1802 usurpabat,
1197 1743 1227 1783 ut
1243 1751 1302 1785 ma·

284 1819 288 1824 ⁴
320 1825 367 1894 ¹gis
379 1841 398 1874 a
413 1839 476 1892 rege
489 1824 670 1893 permissum,
698 1843 780 1896 quam
796 1820 965 1875 uindicatam
980 1816 1015 1870 alt
1033 1835 1065 1869 eo
1084 1815 1230 1871 videretur.
1249 1835 1300 1886 quo

222 1937 227 1956 t
321 1909 407 1958 minus
433 1917 491 1958 cum
512 1907 645 1960 Scheffero
670 1908 801 1975 intelligas
816 1907 855 1957 ius
878 1905 910 1956 ab
925 1901 1117 1970 Hephaestione
1132 1901 1300 1967 vindicatum,

323 1993 371 2043 sed
394 2010 409 2042 a
431 2009 493 2058 rege
517 1992 567 2042 sibi
583 2003 749 2060 arrogatum,
768 1993 853 2061 ipsum
868 2005 1012 2057 pronomen
1031 1986 1148 2056 impedit.
1182 1977 1301 2038 Facilior

274 2073 285 2086 ''
322 2087 364 2129 est
378 2094 455 2140 usus,
474 2076 519 2126 ubi
534 2076 687 2144 ambiguitas
702 2078 758 2145 ipsa
775 2095 803 2128 re
824 2073 978 2127 excluditur.
999 2073 1071 2122 Caes.
1088 2075 1115 2123 B.
1132 2072 1186 2124 Cir.
1203 2075 1235 2136 1,
1255 2071 1300 2125 28.

324 2163 480 2212 sestertium
495 2162 622 2229 sexagies
640 2161 717 2232 quod
732 2160 883 2212 advexerat
902 2159 1045 2227 Domitius
1061 2168 1144 2229 atque
1162 2161 1191 2212 in
1205 2157 1300 2234 palili·

323 2263 384 2296 cunc
407 2243 592 2314 deposuerat,
614 2243 734 2296 allatam
752 2243 791 2297 ad
809 2261 838 2296 se
858 2263 876 2294 a
899 2243 1051 2294 duumviris
1074 2242 1300 2312 Corfiniensibus,

325 2327 453 2382 Donritio
465 2327 564 2381 reddit.
597 2328 639 2379 sic
653 2329 732 2382 etiam
749 2327 776 2380 in
790 2331 818 2380 B.
834 2329 904 2379 Gall.
917 2327 945 2390 2,
962 2325 1002 2378 16.
1019 2327 1047 2378 in
1071 2329 1141 2379 Curt.
1157 2327 1189 2390 6,
1208 2328 1256 2392 10,
1274 2327 1300 2383 8.

322 2431 390 2482 quae
408 2412 486 2465 affert
508 2413 680 2468 Ruddimann.
717 2417 748 2464 ln
768 2415 840 2466 Caes.
857 2415 884 2464 B.
905 2413 960 2466 civ.
975 2411 1007 2476 1,
1029 2409 1080 2477 74,
1110 2410 1137 2463 4.
1164 2411 1244 2464 dubia
1259 2424 1301 2464 est

304 2499 413 2553 lectio.
1021 2485 1040 2570 'y

250 2565 255 2576 ¹
333 2628 336 2637 .
360 2587 422 2634 Ant.
442 2581 622 2636 Nebrissensis
646 2584 675 2634 in
696 2582 921 2652 Grammaticap.
937 2581 980 2636 93.
1003 2583 1029 2633 b.
1047 2594 1126 2650 negat
1149 2583 1237 2636 futura
1254 2574 1302 2634 in·¹
1403 2586 1405 2590 ’

270 2681 274 2688 ·
324 2667 419 2720 finitivi
440 2668 536 2738 ppssiri
561 2670 700 2720 ablativum
721 2685 777 2719 oum
795 2669 990 2737 praepositione
1010 2667 1045 2719 ab
1064 2667 1174 2734 habere,
1202 2669 1254 2719 nisi
1277 2655 1300 2719 ii

310 2737 446 2802 'ablativus
464 2751 492 2802 in
509 2752 604 2820 plurali
621 2755 722 2823 positus
740 2755 790 2805 sit:
805 2765 877 2804 recte
893 2754 973 2824 igitur
994 2752 1047 2804 dici
1064 2771 1145 2823 spero
1162 2773 1204 2807 me
1224 2773 1301 2806 ama·

290 2841 293 2852 ’
326 2847 384 2888 tum
405 2838 439 2890 iri
459 2835 495 2891 alr
518 2837 661 2902 omuibus,
677 2856 733 2890 non
748 2849 834 2890 autem
850 2856 931 2908 spero
950 2857 992 2890 me
1009 2850 1133 2890 amatum
1153 2840 1187 2892 iri
1203 2859 1222 2890 a
1238 2839 1301 2892 deo.

282 2916 290 2938 ²
323 2925 407 2984 Quam
432 2923 604 2986 sententiam,
638 2923 713 2974 omni.
733 2924 838 2975 ratione
863 2923 1032 2988 destitutam,
1061 2923 1186 2993 exemplis
1197 2923 1302 2978 refellit

320 3007 516 3068 Ruddimnnnns
533 3027 559 3077 p.
572 3007 634 3060 210.
647 3009 679 3060 Τ.
691 3006 738 3059 21

303 3126 306 3134 ·
339 3113 371 3172 7.
409 3109 584 3190 Caussam,
627 3133 713 3259 puae
740 3111 885 3175 cernitur
911 3110 948 3174 in
977 3109 1178 3197 impulsione
1208 3111 1301 3179 etin
1394 3099 1398 3118 ¹

183 3211 186 3220 ’
259 3194 369 3258 oblata
402 3194 592 3276 occasione,
650 3197 798 3284 asignant
824 3196 932 3260 Latini
955 3193 1016 3260 hac
1041 3196 1313 3284 praepositione‚'

257 3301 339 3365 quae
364 3279 458 3358 geddi
483 3290 596 3367 potest
628 3305 691 3370 per
711 3292 870 3391 propter,
917 3281 1042 3346 velex.
1085 3283 1154 3347 Nos
1179 3303 1241 3344 aus
1268 3291 1301 3344 ct

153 3391 156 3396 ·
257 3387 320 3428 oon
336 3386 472 3462 aegea,
506 3367 621 3431 Graeci
642 3365 700 3432 tat
719 3378 751 3432 et
767 3365 826 3431 1πό
840 3405 859 3416 -
872 3369 978 3431 ἕνεκεν.
1017 3366 1113 3432 ldem
1133 3366 1312 3432 interdnm'
1401 3360 1402 3377 ¹

256 3450 399 3540 simplici
417 3450 556 3516 ablativo
573 3473 766 3540 expressum
786 3453 945 3518 videmus.

357 3569 446 3619 Livius
463 3567 517 3633 40,
536 3564 585 3634 13,
602 3569 627 3621 9.
654 3588 708 3644 quo
728 3570 829 3624 deinde
855 3569 956 3632 modo,
994 3572 1020 3637 si
1050 3581 1077 3622 te
1103 3579 1178 3622 ntetu
1204 3572 1302 3625 mortis
1400 3547 1401 3582 ³

322 3649 465 3704 credebam
488 3667 600 3708 caenam
626 3659 746 3710 evitasse
771 3675 877 3719 meam,
913 3651 978 3728 nori
994 3653 1030 3706 alr
1048 3653 1145 3708 eodem
1162 3668 1236 3711 nutu
1257 3672 1301 3710 eo·
1399 3661 1400 3668 ’

214 3759 222 3768 ·
324 3737 515 3790 missationem
534 3756 640 3812 qaoque
659 3743 826 3793 evitaturum
845 3739 1063 3794 existimabam?

356 3803 454 3872 Seneia
478 3822 510 3874 de
529 3824 608 3875 clem.
627 3822 660 3887 1,
688 3823 731 3876 20.
754 3845 772 3878 a
796 3823 904 3878 duabus
928 3828 1033 3881 caussis
1052 3829 1151 3895 punire
1170 3807 1300 3896 princeps
1398 3891 1399 3894 Ἴ

322 3900 412 3965 solet,
438 3908 464 3959 si
486 3919 536 3961 aut
558 3927 586 3962 se
610 3907 736 3961 vindieat
753 3921 803 3962 aut
826 3909 920 3965 alium.
956 3911 996 3961 Ita
1012 3911 1130 3962 codices:
1157 3909 1298 3960 1111011-
1398 3967 1399 3992 ¹

322 4005 383 4041 nov.
402 3990 476 4041 adh.
492 3993 510 4041 1.
528 3993 570 4044 Sic
586 3993 768 4061 explicandum
780 3995 847 4048 Livii
862 3991 887 4061 5,
903 3995 948 4062 28,
966 3995 991 4048 7.
1014 3995 1053 4050 itu·
1074 4014 1142 4055 eunt,
1158 3998 1300 4064 incompo·
1385 4056 1390 4069 ι

236 4147 243 4154 ι
325 4075 381 4128 sito
407 4078 518 4146 agmine
545 4077 731 4149 negligentius
749 4078 784 4134 ab
808 4101 837 4135 re
861 4079 927 4135 bene
952 4094 1032 4155 gesta
1055 4091 1180 4146 euntem,
1206 4078 1301 4157 adorti

1397 4087 1398 4104 1

1397 4113 1398 4124 1

1397 4129 1398 4136 t

674 4153 678 4166 ⁸
1397 4147 1398 4194 1

323 4157 418 4234 Aequi·
434 4163 464 4220 ia
479 4165 624 4234 proximos
638 4163 796 4241 compulere
814 4161 945 4224 tumulos.
960 4167 988 4234 3,
1003 4165 1047 4233 61,
1066 4165 1108 4224 18.
1124 4165 1201 4234 1115,
1218 4163 1262 4231 44,
1274 4161 1300 4216 6.
