2834 4756
469 331 671 438 -euQvu
713 329 798 438 Ae.
1104 335 1166 398 461

196 488 276 541 Arcli.
291 487 344 564 ¹12,
367 484 410 540 30.
428 504 480 560 ego
503 504 568 540 cero
588 489 697 550 omnin,
723 507 794 560 quae
818 483 964 558 gerebam,
990 489 1045 542 ium
1061 497 1120 542 tum
1139 491 1168 542 in

137 615 141 624 .
176 591 179 598 “
194 567 315 646 gerendo
341 590 472 644 spargere
489 591 531 625 nie
548 592 581 624 ac
598 573 776 628 disseminare
794 563 949 645 erbitralrar
968 576 997 630 in
1014 564 1088 628 oriris
1116 571 1168 627 ter'·
1209 619 1211 628 ,

194 679 242 712 rue
260 662 419 711 memoriam
446 661 646 728 senrpiternam.
682 679 708 728 p.
736 660 819 712 Domo
845 658 896 724 28,
920 656 962 710 75.
988 657 1073 712 lucem
1092 657 1167 712 ralu-

197 755 304 816 temque
323 743 461 806 redditam
481 723 584 796 sibiet
600 741 758 797 restitutum
781 746 903 815 occipere
921 739 1024 795 debuit.
1059 753 1088 793 ut
1111 745 1167 794 Te·

193 841 262 882 rent.
284 831 350 881 Eun.
372 829 405 894 1,
423 827 457 892 2,
475 821 517 880 67.
544 839 575 880 ut
600 823 657 882 suis
682 829 826 882 restituam
850 849 882 880 ac
907 826 1030 882 reddam.
1063 823 1167 895 Sallust.

194 916 251 968 Cot.
271 913 305 979 6,
327 909 351 968 1.
367 923 454 984 genus
474 913 615 967 lominum
639 937 673 952 -·
696 911 810 966 liberum
836 924 919 988 etque
943 913 1075 968 solutum.
1093 898 1096 908 ¹
1111 915 1167 965 Te-

193 1009 262 1050 rent.
285 997 333 1049 Ad.
358 995 390 1062 3,
416 999 448 1062 1,
474 995 513 1050 10.
542 995 596 1051 tali
623 1000 733 1068 ing-eniti
759 993 842 1067 atque
859 1001 961 1053 animo.
997 1001 1036 1050 De
1054 999 1167 1050 coniun-b

195 1082 288 1150 gcndis
311 1083 443 1134 vocabulis
468 1077 609 1154 perfectus
635 1079 719 1153 atque
747 1079 892 1136 absolutus
919 1084 970 1138 vid.
990 1081 1168 1136 Goerenz.ud
1214 1118 1218 1126 =

119 1193 121 1217 ι
196 1164 250 1218 cic.
268 1165 373 1241 deyFin.
394 1189 420 1238 p.
438 1162 498 1222 620.
522 1156 579 1224 L‘iv.
597 1169 645 1230 21,
668 1165 719 1232 53,
741 1167 766 1221 2.
786 1170 916 1220 memoria
939 1167 1060 1222 vulneris
1080 1173 1166 1222 aciem

196 1273 249 1322 acl
276 1250 304 1305 ¹u
320 1251 437 1308 horrere.
471 1253 578 1308 Terent.
593 1251 673 1305 Andr.
693 1254 725 1319 1,
745 1251 776 1319 1,
795 1251 838 1304 47.
864 1240 1053 1321 vitemporci
1072 1247 1168 1306 aeliu·

194 1339 232 1389 rit
279 1335 388 1409 agebat.
424 1341 489 1390 E'un.
511 1340 542 1404 1,
560 1339 594 1404 2,
614 1333 656 1390 95.
676 1343 783 1392 utinam
806 1329 1004 1396 istucverlrum
1022 1323 1167 1395 ex'unimo

196 1442 229 1474 ac
247 1441 309 1476 vere
325 1423 436 1476 diceres.
468 1415 533 1474 Eun.
551 1420 589 1489 2,
607 1423 641 1488 3,
659 1415 702 1476 71.
720 1421 828 1493 facium
845 1419 942 1476 sedulo
961 1441 993 1472 ac
1011 1419 1084 1476 dabo
1104 1443 1169 1496 ope.

195 1527 264 1561 rem.
281 1503 429 1559 ‘Bentle‘ius
454 1509 551 1559 abiecit
576 1530 624 1572 oc,
651 1520 681 1561 ut
700 1528 747 1578 per
767 1508 894 1578 asyndetu
916 1507 1011 1560 fortius
1035 1507 1170 1564 incederet

198 1593 297 1650 oratio..
326 1596 360 1643 At
383 1591 512 1662 particula
530 1593 581 1646 duo
606 1587 685 1646 verba
711 1589 742 1644 in·
765 1610 841 1646 unum
866 1593 1002 1646 notionem
1025 1595 1169 1661 coniungit,

196 1671 267 1744 quod
291 1689 368 1744 auget
390 1676 442 1729 vim
468 1675 603 1748 unedonis.
639 1678 669 1731 ln
685 1674 813 1753 Quinctil.
831 1672 895 1731 luet.
911 1677 946 1743 9,
966 1674 998 1742 4,
1018 1673 1061 1729 20.
1090 1680 1170 1748 spel*

195 1757 298 1828 dingiue
317 1759 382 1814 bene
400 1759 529 1814 restituit:
549 1767 722 1835 nequeenim
741 1775 790 1817 aut
808 1763 883 1818 hiare
901 1781 1007 1832 semper
1023 1761 1168 1820 vocalibus

196 1858 247 1900 aut
264 1843 378 1901 destitui
397 1841 565 1917 temporibus
584 1841 684 1902 volunt
702 1867 791 1904 sermo
806 1860 888 1922 utque
905 1847 1037 1919 epistola.
1057 1859 1084 1901 et
1098 1843 1124 1916 9,
1141 1849 1167 1916 4,

197 1931 239 1986 13.
260 1931 359 2004 quodsi
379 1936 497 1986 nutrieris
514 1925 547 1986 ac
567 1932 658 1989 modis
681 1939 752 1989 inest
772 1936 908 2008 quaedam
926 1937 1013 1988 tacita
1032 1937 1083 1987 vis.
1101 1938 1169 1985 ‘At-

196 2035 246 2086 que
264 2015 301 2068 ito
320 2037 334 2070 e
353 2017 450 2069 codicis
477 2017 558 2071 Goth.
578 2015 736 2073 auctoritato
764 2020 937 2076 revocandum
957 2020 986 2070 in
1004 2017 1124 2070 Lactant.
1142 2019 1169 2085 6,

131 2113 135 2121 ¹
157 2094 159 2098 ’
196 2100 269 2170 1,5.
288 2105 312 2155 si
324 2096 412 2173 focos
430 2103 542 2170 odorati
566 2127 598 2158 ac
615 2111 715 2160 ueteris
741 2107 802 2160 uini
827 2099 992 2177 profusione
1015 2095 1169 2173 nradefece·

195 2190 259 2239 rint.
279 2189 356 2255 vulgo
375 2203 442 2241 aute
461 2185 507 2242 sed
525 2192 650 2260 optimum
667 2185 824 2260 intelligitur
843 2183 926 2242 vinum
936 2228 944 2253 ‚
961 2190 1031 2258 quod
1053 2200 1080 2240 et
1095 2201 1169 2242 uetur

196 2279 237 2321 eet
248 2282 281 2330 „et
299 2272 443 2326 odoratum.
473 2275 525 2328 vid.
543 2275 699 2346 Heusingeri
714 2277 821 2330 Emend.
839 2290 866 2344 p.
884 2274 926 2326 92.
946 2286 973 2327 et
990 2273 1031 2326 18.

124 2384 126 2390 ·
231 2358 270 2408 Ob
288 2353 355 2410 hunc
373 2379 488 2413 caussam
511 2363 720 2432 frequentissime
736 2369 777 2416 est
798 2355 964 2415 comniutatio
982 2359 1171 2430 particularum
1225 2401 1227 2406 .

195 2452 278 2511 atque
297 2453 323 2494 et
341 2456 398 2521 erut.
428 2447 485 2498 Liv.
503 2447 553 2510 21,
568 2447 602 2512 4,
622 2446 647 2500 4.
665 2459 736 2501 recte
754 2449 850 2515 legitur
859 2443 986 2517 fortiter*
997 2460 1031 2497 uc
1050 2443 1168 2499 strenue.

198 2523 243 2606 nbi
260 2527 305 2578 ulii
322 2531 425 2583 codices
445 2543 504 2588 aut.
536 2534 572 2598 3,
596 2533 649 2601 42,
674 2534 700 2586 4.
726 2543 826 2586 natura
851 2529 906 2586 loti
934 2537 966 2581 e'c
988 2528 1086 2594 uallo,
1111 2547 1169 2582 non

198 2613 301 2666 uirtute
317 2625 367 2666 aut
386 2620 472 2670 ermis
490 2615 661 2674 tutabantur.
686 2617 730 2672 ubi
747 2615 849 2670 librarii
865 2623 996 2667 mutarunt
1012 2625 1062 2666 aut
1078 2613 1169 2672 vallo.

210 2717 242 2777 2.
275 2715 385 2796 Quare
398 2720 520 2784 indicet
541 2715 662 2800 ATQvle
674 2767 684 2803 ,
718 2721 854 2792 alterum
877 2741 948 2784 rem
971 2715 1069 2782 simul
1091 2739 1169 2782 eum

129 2795 230 2862 alteru
249 2803 389 2887 positum
415 2827 481 2870 esse
500 2807 551 2870 vel
561 2808 732 2880 exsistere.
776 2804 877 2868 Sicuti
897 2797 1049 2884 Tacitus,
1070 2804 1168 2888 quod

127 2883 216 2948 Anu.
235 2891 267 2965 2,
285 2877 315 2950 6!
334 2885 418 2952 dixit
436 2889 476 2954 de
490 2891 644 2956 novibus:
668 2888 883 2977 ungebantur
899 2883 1082 2951 alacritate
1098 2889 1168 2952 mi·
1264 2918 1266 2935 -

128 2967 229 3032 litum
257 2971 461 3059 inspeciem
486 2999 527 3040 ec
549 2988 738 3052 terrorem„
759 2967 850 3046 idem
873 2971 982 3058 addito
1005 2967 1167 3038 vocabulo

100 3093 103 3100 -
128 3053 233 3119 simui
258 3061 417 3144 expressit
447 3062 525 3148 Agr.
553 3065 606 3128 85.
633 3061 884 3144 Britannorum
907 3059 998 3140 ecies
1028 3059 1065 3120 in
1089 3082 1168 3146 epe·

130 3139 217 3204 ciem
230 3142 332 3206 simut
348 3167 390 3207 oc
405 3157 568 3212 terrorem
583 3145 781 3214 editioribus
801 3145 883 3208 locis
899 3139 1107 3209 constiterat.

230 3262 287 3315 Lir.
308 3261 340 3329 ὃ,
358 3267 408 3332 42,
424 3269 451 3321 2.
470 3267 571 3340 nequid
591 3268 675 3322 ductu
698 3277 782 3340 atque
804 3266 930 3338 auspicio
956 3264 1169 3323 decemvirorum
1223 3295 1232 3310 =

107 3395 114 3406 ,
196 3364 329 3419 prospere
346 3372 461 3426 usquam
476 3364 621 3426 gereretur.

167 3531 173 3544 .
212 3447 243 3513 3.
278 3454 378 3533 Quod
410 3457 453 3520 ite
483 3457 518 3520 in
544 3458 697 3543 »cognatis
730 3455 922 3522 notionibus
952 3462 1104 3540 apparet,
1132 3451 1167 3516 id

130 3541 229 3597 ellum
245 3535 280 3600 in
298 3541 588 3630 qualibuscumque
601 3543 641 3607 iis
655 3543 770 3606 lucum
784 3541 899 3624 hebet,
924 3559 1006 3626 quae
1025 3559 1167 3626 compo·
1228 3563 1232 3569 ’

130 3618 190 3702 situ
205 3624 467 3710 aequiparentur,
483 3639 581 3716 elque
597 3627 662 3693 hoc
684 3627 818 3692 arctiori
833 3647 923 3708 nexu
932 3646 996 3688 une
1012 3646 1168 3710 eompre-
1222 3640 1224 3644 ’

128 3699 330 3773 hunduntur.
376 3711 453 3793 Quo
475 3713 531 3795 fit,
551 3725 589 3779 ut
613 3725 714 3802 atque
728 3713 817 3778 idem
839 3714 881 3778 sit
906 3706 996 3800 quod
1018 3719 1051 3774 et
1064 3743 1107 3794 '··.
1124 3719 1167 3789 60

127 3787 181 3852 vel
196 3802 234 3854 ut
248 3829 290 3842 —
303 3795 367 3878 itu,
391 3796 442 3860 vel
458 3821 560 3888 oeque
574 3823 626 3866 ae.

231 3913 335 3968 Sallust.
362 3916 418 3966 Cet.
442 3915 485 3970 30.
514 3925 624 3986 omniu,
650 3915 768 3974 bonerto
790 3927 879 3998 atque
903 3915 1055 3974 inhonesta.
1085 3937 1107 3970 c.
1123 3917 1169 3971 20.
1203 3917 1206 3924 ’

195 3994 406 4073 nobilee‘etque
428 3999 574 4072 ignobiles.
610 4007 667 4058 Liv.
690 4007 740 4072 21,
761 4003 794 4068 4,
812 3999 838 4056 6.
863 4001 965 4058 caloris
991 4025 1023 4056 oc
1042 3998 1169 4072 frigoris

195 4086 335 4150 patientia
352 4105 411 4156 par.
447 4081 480 4152 6,
497 4085 547 4152 41,
565 4088 684 4147 libello
700 4110 733 4143 ac
748 4107 827 4160 pace.
862 4091 939 4153 Quod
951 4093 1058 4165 Terent.
1074 4075 1172 4163 lleuut.¹

195 4163 231 4229 22
248 4166 282 4233 2,
300 4169 359 4227 103.
379 4169 462 4235 lodie
488 4187 549 4232 sero
573 4192 607 4230 ac
630 4179 811 4248 nequicquam
835 4173 922 4232 voles.
951 4174 980 4228 id
1001 4174 1094 4248 §icero
1119 4188 1168 4242 pcc

248 4281 250 4285 ·
530 4275 544 4296 ν
1002 4263 1010 4306 r
