2866 4754
199 423 204 438 .
263 379 329 442 roo
529 395 541 434 τ
619 375 750 444 uuus.
794 374 955 440 surm.
1028 418 1033 429 ,
1117 352 1122 363 ‘

244 567 247 578 .
331 531 372 584 mi
383 521 488 604 'quique
507 527 637 583 baberent
653 528 864 584 ante-consilia
883 525 1183 599 tibimet-suggerenda.
1200 539 1308 582 utcon-

332 616 457 666 struenda
475 625 534 666 runt
550 617 629 668 verba
647 635 729 688 quum
746 625 828 680 antu,
846 614 864 666 i.
883 633 906 664 e.
925 614 995 681 ptius
1006 652 1013 676 ‚
1026 610 1159 666 *taboram
1176 615 1307 669 consilia.

275 697 279 736 J
330 700 390 752 Huc
407 699 499 752 retulit
516 701 645 754 vechner.
662 701 689 751 in
708 699 873 751 Helleuolex.
889 717 914 766 p.
931 695 991 750 230.
1008 697 1103 764 Virgil.
1120 702 1184 752 Aen.
1202 699 1228 763 9,
1247 701 1308 752 140.

328 779 562 856 percensuisset
585 786 754 838 antetatis:
781 793 813 838 ut
828 783 971 852 explicaret
987 777 1021 836 ad
1040 779 1107 850 uolo
1125 777 1306 850 ἁμαρτάνειν.

330 871 379 921 Est
401 879 486 920 autem
507 876 607 931 antea,
630 867 707 922 olim.
742 870 818 940 Apud
839 867 938 920 Tibull.
974 864 1005 929 1,
1020 861 1053 931 4,
1076 867 1120 920 29.
1146 885 1228 939 quarn
1250 873 1306 922 cito

328 951 482 1023 purpureos
500 951 627 1021 deperdit
647 965 720 1006 term
739 954 854 1020 colores,
872 971 953 1025 quam
971 954 1028 1004 cito
1048 947 1197 1021 formosus
1214 971 1306 1024 popur-

333 1034 377 1088 lur
394 1033 581 1089 alba‘eomas.
599 1037 714 1106 Scaliger
732 1057 789 1092 cum
807 1038 955 1091 Passeratio
969 1038 1203 1107 comprobaverunt
1220 1050 1306 1094 ante·

227 1135 232 1154 ¹
330 1139 433 1183 comas,
451 1139 517 1190 quae
534 1132 622 1174 esseut
638 1121 667 1176 oi
685 1121 752 1190 arole
771 1118 876 1190 κόμαι,
890 1123 1033 1174 hornotina
1050 1122 1124 1176 lolia.
1159 1124 1213 1176 Cic.
1231 1127 1303 1178 Brut.

297 1199 301 1212 ’
332 1205 382 1269 14,
407 1205 450 1260 55.
478 1205 553 1276 quod
578 1210 602 1261 is
628 1206 752 1262 tribanus
776 1205 869 1278 plebis
893 1237 925 1248 -
949 1218 1047 1279 patras
1077 1216 1144 1260 aute
1177 1219 1305 1265 auctores

250 1323 252 1338 .
333 1291 400 1358 fieri
426 1293 554 1364 reigerit.
592 1291 749 1361 intelligitur
775 1303 838 1346 unte
865 1293 960 1350 initum
990 1291 1148 1362 suffragium.

347 1395 366 1434 ‘t
386 1392 424 1458 In
439 1393 567 1490 scriptis
581 1393 673 1458 libris
689 1394 847 1460 confundi
868 1393 1026 1459 solebant
1039 1393 1199 1460 vocabula
1223 1409 1304 1460 ante
1408 1405 1412 1414 '

264 1486 297 1540 ct
320 1489 452 1542 cirtem:
479 1479 541 1543 vid.
566 1481 714 1544 Gronov.
735 1481 776 1544 ud
799 1481 869 1544 Liv.
893 1487 953 1563 21,
975 1481 1013 1561 5,
1038 1485 1089 1545 10.
1132 1479 1301 1546 Drakenh.

191 1581 194 1587 ·
264 1562 304 1625 ad
320 1569 379 1638 21,
406 1567 465 1642 36,
489 1569 520 1627 7.
544 1571 576 1627 11
597 1569 656 1639 28,
681 1571 741 1642 83,
763 1571 795 1630 2.
821 1575 853 1630 et
868 1571 933 1645 27,
959 1568 1019 1645 35,
1041 1571 1073 1629 7.
1106 1565 1303 1632 Bothiusad

262 1647 367 1712 Plaut.
393 1651 466 1714 Cas.
489 1671 524 1735 p.
549 1653 620 1714 181.
645 1661 680 1714 11
698 1662 779 1715 arri.-
810 1651 875 1716 tid.
899 1650 1069 1716 Drakenb.
1100 1651 1139 1714 ad
1163 1651 1234 1716 Liv.
1251 1657 1302 1734 10,
1378 1687 1382 1697 ι

262 1735 323 1808 36,
350 1739 401 1799 19.
424 1745 457 1799 et
480 1755 503 1798 a
519 1747 571 1800 te:
595 1736 656 1800 vid.
678 1739 840 1802 Goerenz.
865 1737 904 1800 ad
928 1735 996 1801 Cic.
1021 1737 1062 1800 de
1083 1735 1213 1824 Fin.,p.
1228 1737 1303 1803 428.

197 1893 199 1900 Ι
262 1821 338 1882 450.
365 1825 400 1882 'ct
430 1832 524 1887 orte.-
552 1819 618 1887 vid.
641 1821 811 1890 Drakenb.
835 1823 875 1887 ad
896 1823 967 1887 Liv.
989 1827 1050 1900 36,
1073 1827 1130 1904 11,
1152 1826 1182 1886 9.
1202 1823 1304 1888 etad

188 1986 191 1995 μ
240 1925 242 1936 ’
263 1912 295 1966 et
311 1927 353 1968 oc
368 1905 437 1971 Liv.
454 1908 514 1986 35,
533 1911 592 1986 32,
613 1908 645 1972 4.
668 1921 748 1974 ante
765 1917 797 1972 et
814 1919 918 1972 arrico
935 1906 1104 1972 Drukcnb.
1121 1907 1160 1971 ud
1180 1908 1259 1994 Liv.
1270 1911 1302 1992 5,

262 1991 320 2067 19,
343 1993 374 2056 6.
399 1991 460 2076 40,
485 1997 542 2074 12,
563 1997 596 2058 3.
637 1993 819 2084 Heusinger
836 1994 878 2060 ad
895 1993 962 2060 Cic.
983 1989 1081 2059 Olfic.
1100 1997 1141 2070 8,
1163 1996 1223 2076 28,
1246 1997 1277 2060 9.

526 2255 534 2290 .
662 2195 902 2315 aurun.
982 2159 993 2178 '

975 2343 980 2370 ,
1123 2343 1124 2348 ,

345 2387 471 2454 Omnes
488 2393 695 2478 grammatici
715 2394 912 2460 recentiores
935 2389 1069 2458 tradunt
1091 2411 1210 2460 11111
1234 2419 1303 2461 esse

245 2479 342 2532 unte
358 2495 411 2553 eo,
427 2479 635 2562 pronominis
652 2483 867 2546 accusativum
885 2501 960 2544 cum
975 2480 1222 2566 praepositione
1240 2504 1302 2545 co-

167 2575 169 2584 ·
258 2553 433 2648 pulatum:
469 2563 558 2647 quod
581 2587 644 2651 pro
669 2576 759 2629 certo
783 2563 940 2630 affirmari
963 2583 1034 2629 non
1050 2576 1169 2652 potest.
1212 2567 1300 2631 Nam

259 2659 328 2703 non
344 2644 447 2708 modo
464 2667 535 2712 non
549 2649 742 2738 intelligitur
756 2649 840 2715 ratio
858 2649 954 2714 buius
974 2651 1217 2727 contractionis,
1241 2653 1300 2718 sed

261 2723 371 2790 obstat
398 2729 495 2796 etiam
520 2744 667 2801 extrema
690 2736 815 2825 syllaba
839 2758 970 2822 semper
996 2737 1173 2824 producta,
1203 2734 1299 2802 utin

174 2828 177 2836 ¹
253 2822 392 2957 Euclea,
417 2831 555 2895 contro,
577 2822 690 2904 ultro,
723 2833 850 2887 rastra.
893 2821 1057 2888 Nimirum
1074 2820 1163 2909 quod
1175 2835 1299 2908 postea

281 2900 348 2960 revi
366 2899 491 2987 syllaba
508 2928 548 2968 ex
565 2907 674 2973 Ovidii
690 2907 772 2973 last.
791 2916 828 2989 1,
853 2909 924 2973 165.
948 2905 1100 2990 affertur,
1123 2908 1219 2973 aliam
1235 2908 1298 2972 ha-

257 2979 312 3044 bet
329 2987 573 3070 conditionem,
607 2993 647 3058 de
669 3015 733 3080 qua
757 3015 817 3058 suo
841 2993 919 3058 loco
943 2992 1107 3057 dicemus:
1130 3015 1191 3057 neo
1206 2993 1298 3080 quod
1331 3071 1338 3086 ο

236 3078 374 3215 Ἰξοείαε
390 3073 424 3135 id
444 3075 640 3142 vocabulum
661 3089 729 3143 tam
746 3102 823 3143 raro
843 3088 1018 3166 usurpant,
1047 3078 1107 3142 alia
1130 3078 1170 3143 de
1189 3101 1298 3145 caussa

273 3162 382 3218 actum
400 3169 465 3241 est,
491 3183 590 3248 quam
610 3169 684 3252 quia
699 3179 852 3230 mensura
872 3165 939 3227 eius
963 3163 1130 3252 dactylicis
1150 3166 1296 3229 numeris

254 3257 326 3302 uon
350 3253 481 3325 poterat
510 3250 624 3336 aptari.
675 3250 784 3332 Quare
804 3251 953 3314 Lucanus
980 3253 1020 3327 6,
1055 3251 1295 3331 trasarius,

249 3321 468 3428 plurimoque
489 3332 540 3396 bu
571 3336 648 3398 uuis
670 3348 750 3400 onte
776 3337 838 3400 boc
858 3335 1038 3440 incognito
1056 3335 1184 3400 meracis
1205 3273 1296 3400 diri-

250 3430 353 3508 pteris
368 3415 477 3480 mules.
498 3428 534 3504 ut
550 3431 630 3484 esset
649 3433 747 3501 unte,
764 3433 880 3487 antea.
924 3420 1011 3509 Ergo
1028 3443 1157 3485 necesse
1178 3431 1227 3485 est
1240 3421 1297 3484 iu-

253 3495 437 3584 telligamus
469 3501 646 3570 ablativum
672 3529 746 3572 cum
763 3518 843 3572 onte
857 3506 1101 3592 compositum,
1121 3515 1159 3569 ut
1179 3506 1210 3570 in
1229 3529 1296 3570 on-

253 3581 370 3664 teboe,
400 3585 530 3665 aduae,
559 3604 783 3679 quopropter:
811 3613 888 3656 nam
914 3613 982 3678 quo
1001 3591 1111 3654 miuus
1128 3592 1294 3656 existime-

253 3684 339 3746 mus,
362 3669 453 3737 illam
471 3675 627 3763 syllabam
639 3701 660 3741 u
671 3675 983 3742 inanteosuilixam
1000 3699 1069 3740 esse
1085 3677 1295 3741 terminatio-

252 3770 330 3814 nem
346 3754 494 3838 ablativi‚
523 3761 664 3848 impedit
688 3774 719 3828 et
734 3762 914 3828 similitudo
939 3762 1088 3827 vocabuli
1105 3784 1175 3849 pro
1200 3773 1296 3827 terea

252 3837 424 3923 etsyllab'a
448 3865 502 3920 er,
531 3861 614 3933 quae
639 3848 672 3911 in
699 3847 810 3928 ultro,
840 3868 963 3934 surpra,
993 3858 1132 3928 contra,
1155 3784 1297 3936 ssustra

249 3941 294 4007 ΡΥ
296 3925 436 4007 1809111)
467 3941 500 3993 et
514 3931 689 4000 manifesto
703 3945 811 4000 servat
827 3934 1014 4000 adiectivam
1028 3929 1176 3998 formam
1191 3955 1296 4020 eape-

239 4026 327 4097 ι111,
351 4024 517 4080 conteras.
787 4084 790 4094 .

338 4101 367 4160 1.
401 4097 531 4164 Dicitur
550 4121 669 4170 aurun
691 4126 761 4169 non
783 4105 847 4169 nisi
873 4104 914 4170 de
938 4115 1100 4190 tempore.
1144 4101 1238 4186 Quae
1254 4101 1297 4166 ad

248 4171 362 4248 locurb
377 4185 558 4283 pertineret
572 4187 783 4278 significatio,
799 4213 871 4260 eam
886 4211 957 4258 uon
973 4187 1099 4279 recepit
1116 4207 1204 4256 tusus.
1238 4185 1296 4256 ln·
