2866 4754
271 349 334 414 sau
604 329 651 454 [1
752 342 823 409 Au.
866 317 874 348 ”
1238 411 1240 422 ,
1331 336 1338 371 ¹

339 504 367 554 ta
382 489 555 572 possibilitate
568 478 729 568 acqniiscat:
748 496 829 551 relati
843 497 896 550 cic.
912 496 946 547 ad
960 497 1031 548 Fam.
1049 494 1083 562 9,
1101 494 1151 568 19.
1161 507 1312 552 exurmrm

289 571 291 576 Ι
338 583 413 647 insa
430 594 488 662 qst,
505 584 580 660 quod
595 595 626 637 tu
639 578 731 638 nescio
751 583 921 652 caprimum
940 593 1030 652 putes.
1108 655 1111 658 Ι

355 669 550 750 Quacidem
568 666 779 743 Geruhardus
793 667 828 730 iu
845 665 932 730 Exc.
951 688 984 752 p.
1002 665 1077 730 254.
1101 664 1249 752 disputat
1271 668 1312 732 de

270 755 437 843 particulis
454 765 504 829 ct,
530 765 590 833 oc,
607 753 759 818 sericum
774 751 882 824 verbis
905 751 1018 816 nescio
1042 772 1089 818 ou
1113 751 1313 833 coniunctis,

255 863 340 904 ·non
360 841 467 926 ipsum
493 839 579 902 hanc
601 835 782 902 formulam
805 836 986 922 attingunt,
1018 833 1076 900 scd
1098 835 1138 898 od
1158 847 1313 902 naturam
1407 915 1419 924 .

271 925 406 988 istarum
427 923 659 1011 particularum
674 923 858 1010 pertinente
883 941 1083 1007 quamquam
1105 919 1141 984 in
1161 921 1201 988 iis
1222 933 1312 1005 sunt,

225 1076 231 1091 ,
270 1031 354 1095 quac
368 1010 425 1072 vix
438 1009 573 1096 probari
582 1011 730 1096 possint,
753 1006 863 1082 veluti,
886 1017 920 1071 ct
933 1007 1042 1072 minus
1058 1003 1214 1092 frequens
1231 1013 1312 1086 esse,
1421 1069 1422 1076 ,

197 1125 204 1130 -
271 1095 350 1182 quip
377 1095 499 1182 equod
517 1107 587 1157 nun
602 1104 717 1183 aptum
734 1092 777 1157 sit
799 1093 838 1156 ad
861 1091 1039 1178 iungendas
1063 1113 1115 1154 res
1139 1090 1312 1158 dissimiles

271 1189 305 1243 et
326 1116 374 1243 ad
387 1179 593 1242 indicandam
609 1178 846 1274 voppositionis
876 1177 955 1241 vim.
1010 1175 1113 1255 Quod
1132 1187 1312 1264 utrumque

271 1285 342 1328 non
360 1263 576 1330 confirmatur
594 1264 805 1350 experientia.
847 1262 915 1327 Nec
956 1262 1090 1325 articula
1110 1260 1172 1326 scd
1185 1274 1312 1328 rectum

271 1372 316 1438 op
335 1339 518 1413 ¹ositionem
540 1360 670 1436 semper
694 1347 862 1435 exprimit.
942 1348 981 1410 ic.
1004 1345 1103 1410 Tusc.
1128 1351 1165 1426 3,
1191 1351 1231 1428 8,
1260 1353 1311 1413 16.

269 1459 304 1500 se
345 1433 442 1499 haud
461 1435 530 1498 scio
549 1457 597 1518 aa
618 1446 708 1510 recte
724 1455 773 1500 ,ea
797 1433 901 1497 virtus
911 1429 1115 1519 frugalitas
1138 1433 1312 1518 appellari

268 1521 386 1606 poscit.
411 1521 445 1584 in
463 1540 529 1606 quo
544 1519 621 1584 loco
637 1518 764 1585 fallitur
780 1524 813 1582 et
829 1501 1050 1592 Gemhardus,
1072 1518 1126 1602 qui
1152 1517 1312 1582 anacolu-
1338 1593 1341 1601 ,

271 1605 356 1669 then
374 1627 442 1670 esse
458 1605 635 1668 arbitratur
648 1607 746 1687 (nam
762 1625 793 1667 v.
807 1602 877 1667 ceri
891 1603 997 1668 etiam
1011 1602 1124 1668 simile
1141 1614 1190 1666 eat
1205 1602 1312 1690 signi-

160 1755 162 1764 ,
269 1689 370 1754 licant
384 1711 508 1754 nomen
523 1689 744 1776 temperantis
761 1688 899 1776 propius
916 1686 1067 1763 accedere
1088 1686 1129 1751 ad
1151 1688 1199 1752 rei
1225 1689 1311 1754 veri·

93 1839 100 1863 ,
151 1821 153 1830 .
269 1774 398 1861 tatem),
419 1775 632 1857 etWeberus,
654 1771 768 1860 qui'in
782 1795 813 1838 v.
832 1772 893 1837 sed
907 1794 1054 1838 caussam
1068 1781 1192 1836 temere
1209 1793 1311 1859 quae-

43 1881 45 1889 '
106 1909 111 1928 ,
151 1925 153 1931 ,
185 1920 189 1934 ,
270 1862 333 1942 rit,
357 1862 417 1924 cur
429 1862 586 1924 sententia
599 1860 798 1947 intelligatur
811 1859 977 1945 negativa:
1001 1857 1072 1954 ipse
1084 1856 1199 1921 Cicero
1216 1879 1310 1923 suam

270 1945 463 2010 sententiam
485 1943 626 2009 affirmat
642 1950 702 2025 17,
726 1948 778 2009 36.
823 1943 976 2008 Ceterum
991 1960 1057 2029 vim
1077 1941 1174 2006 huius
1190 1942 1310 2008 dictio·
1423 2011 1424 2020 ,

143 2030 155 2104 J
269 2031 321 2095 nis
347 2031 400 2095 alii
424 2029 651 2116 explicuerunt
675 2052 735 2116 per
756 2028 856 2094 verba
879 2029 1021 2114 opinor,
1055 2025 1222 2109 arbitror,
1255 2029 1311 2094 alii

269 2139 330 2205 per
343 2113 514 2204 fortusse:
535 2115 623 2213 quod
638 2138 680 2190 an
695 2136 764 2178 non
780 2113 902 2200 ubique
923 2113 996 2176 fieri
1018 2113 1141 2210 possit,
1172 2113 1216 2177 ob
1235 2137 1309 2182 me·
1423 2163 1424 2206 ;

271 2212 324 2264 tus
347 2201 519 2274 notionem
549 2201 716 2286 interdum
743 2199 924 2264 admixtam
950 2197 1077 2261 dubitat
1097 2198 1311 2264 Gernhardus
1423 2211 1424 2246 l

265 2288 305 2364 ,in
321 2286 454 2351 Comm.
470 2305 504 2372 p.
523 2289 574 2349 10.
611 2285 747 2350 ‘Scilicet
760 2283 957 2349 vocabulum
967 2279 1122 2370 fortasse
1144 2307 1237 2371 spem
1255 2286 1309 2350 in-

271 2373 392 2436 dicaret
422 2369 670 2457 approbationis
702 2380 733 2434 et
763 2370 986 2433 coniecturam
1006 2368 1116 2432 iudicii
1141 2371 1181 2433 od
1201 2373 1309 2459 ipsam

270 2478 342 2520 rem
373 2455 527 2531 relatam,
566 2456 666 2540 quasi.
686 2455 866 2518 diceremus
887 2449 968 2540 fieri
983 2465 1116 2539 potest,
1146 2467 1194 2519 ut.
1239 2455 1308 2520 Cic.

269 2543 362 2607 Brut.
383 2539 443 2620 41,
467 2541 540 2604 151.
559 2551 657 2626 atque
672 2539 766 2604 haud
780 2539 850 2602 scio
871 2561 917 2602 ou
928 2561 999 2625 par
1006 2538 1220 2626 principibus
1236 2563 1309 2606 esce

143 2631 147 2643 '
262 2626 451 2712 potuisset.-
490 2623 551 2689 sed
563 2622 718 2712 fortasse
742 2624 867 2700 moluit
886 2660 929 2673 -
942 2624 992 2688 ‘in
1016 2625 1089 2689 iure
1112 2625 1206 2689 cirili
1237 2647 1309 2691 ease

229 2743 233 2748 .
265 2713 438 2798 princeps.
480 2709 567 2774 Illud
581 2711 762 2775 modestius
784 2708 981 2775 affirmando
1003 2709 1309 2776 reiicitdubitatio-

270 2817 366 2878 nem,
392 2798 458 2862 hoe
474 2795 696 2869 coniecturam
712 2795 838 2884 colligit
858 2806 902 2859 'ex
921 2795 992 2883 ips'a
1006 2816 1053 2859 re.
1099 2795 1168 2860 Cic.
1190 2797 1225 2860 in
1240 2797 1307 2861 Ga-

269 2883 318 2948 til.
333 2886 374 2964 4,
392 2884 433 2961 5,
457 2885 488 2946 9.
511 2882 543 2946 si
567 2881 817 2970 eritisaequuti
840 2877 1045 2946 sententiam
1069 2879 1107 2945 0.
1136 2880 1311 2964 Caesaris,

176 2973 177 2980 ’
270 2965 472 3056 -fortasae
487 2968 598 3031 minus
612 2978 728 3043 erunt,
752 2968 814 3032 hoc
830 2977 967 3030 auctore
986 2976 1019 3030 et
1041 2967 1218 3052 cognitore
1240 2968 1308 3030 lco-

269 3054 360 3118 iusoe
372 3048 576 3132 sententiae,
600 3053 686 3118 mihi
699 3052 887 3140 populares
905 3051 1048 3136 impetus
1063 3049 1307 3152 pertimescen-

269 3137 328 3203 di.-
349 3135 517 3202 cirillum
532 3137 690 3213 alteram,
705 3137 816 3202 nescio
841 3159 888 3202 arc
912 3159 969 3200 am
994 3136 1060 3199 lius
1075 3137 1161 3202 milri
1175 3137 1308 3224 negotii

267 3223 502 3288 contrahatur.
532 3223 555 3288 i.
577 3245 606 3287 e.
630 3245 764 3299 vereor,
791 3244 834 3287 ne
852 3156 1076 3286 contraiiatur.
1126 3222 1254 3287 Tamen
1270 3224 1307 3287 in

270 3307 436 3373 vocabulis
456 3305 631 3395 forsitan,
650 3305 777 3395 forsan
800 3308 885 3371 inest
910 3306 1025 3404 ipsum
1048 3317 1225 3394 cognatum
1248 3329 1308 3374 on.

270 3393 371 3474 Quod
387 3415 464 3458 vero
481 3391 690 3458 Gernhardus
703 3393 752 3460 ,iu
775 3414 817 3457 ex
841 3392 994 3456 liccuone
1017 3388 1180 3458 formulae
1203 3393 1308 3457 inter-

153 3467 158 3478 ’
268 3480 349 3544 dum
374 3479 526 3544 substitui
544 3477 635 3542 iubet
657 3475 698 3542 ad
719 3478 786 3543 Cic.
832 3486 874 3541 at.
890 3480 941 3540 16.
964 3473 998 3563 p.
1016 3477 1088 3541 108'.
1109 3499 1231 3542 vercor
1252 3501 1307 3556 nc,

269 3575 384 3634 cerco
408 3575 455 3644 ut,
475 3562 724 3650 quodammodo
748 3563 876 3636 admitti
898 3571 1009 3648 potest
1032 3560 1183 3645 obeam,
1207 3584 1309 3650 quam

268 3673 302 3739 p.
321 3655 394 3716 318.
411 3649 565 3724 diximus,
585 3658 861 3736 praeoccupatam
877 3645 1080 3734 opinionem.

250 3763 254 3776 .
349 3733 399 3798 De
413 3734 599 3801 discrimino
612 3732 790 3799 verborum
806 3731 917 3796 nescio
934 3754 982 3800 ou
1006 3740 1038 3795 et
1060 3728 1156 3796 houd
1171 3731 1242 3794 scio
1259 3753 1309 3794 on.

266 3839 374 3906 nuper
389 3819 522 3884 demum
538 3841 692 3905 quaerere
706 3839 764 3882 coe
790 3826 886 3898 erunt
900 3817 1115 3903 grammatici.
1146 3813 1190 3878 Et
1203 3797 1307 3880 stall-

266 3903 418 3968 baumius
440 3904 480 3968 ad
497 3904 719 3968 Ruddimann.
780 3908 837 3967 .2.
863 3924 899 3988 p.
922 3905 996 3984 237.
1023 3921 1184 3986 magnum
1236 3902 1326 3965 utat'

267 4011 337 4053 esse
361 3988 553 4070 discrimen,
590 3988 679 4074 quod
701 4008 804 4074 quum
825 3986 974 4085 plerique
1001 4009 1119 4051 omnes
1141 3924 1308 4073 neglixis-

266 4086 356 4151 sent,
380 4096 436 4138 cos
452 4073 487 4136 in
504 4073 610 4138 varios
629 4095 756 4138 errores
774 4073 943 4136 ino1disse:
963 4072 1074 4158 ipsum
1090 4082 1201 4135 tamen
1215 4071 1308 4158 quod

228 4226 231 4250 Ι
268 4161 310 4225 sit
319 4159 412 4244 illud,
421 4181 490 4226 non
499 4157 877 4249 exponit-Gcrnhardus
891 4158 927 4226 in
945 4158 1134 4226 Comment-
1149 4179 1184 4246 p.
1202 4163 1254 4225 11.
1270 4156 1307 4222 in
