2866 4754
607 354 678 458 sn.
804 367 810 382 ·
1002 359 1166 477 ¹en

140 507 145 526 .
188 508 353 579 spectatione
371 487 454 564 Pient.
471 509 565 563 Bacch.
581 509 614 580 Ξ,
631 509 668 578 2,
682 509 728 571 et
751 507 820 578 eisc,
844 529 882 566 en
899 513 1032 570 invenisti
1051 513 1166 584 Bacchi·

189 595 274 648 dem?
290 595 364 646 Tria.
381 594 417 660 4,
433 594 468 660 2,
486 594 545 650 tet.
562 596 631 663 eisc,
651 615 769 672 quaese,
793 616 830 652 en
847 601 920 654 tuis
937 598 988 651 es?
1187 605 1192 636 ¹

223 699 308 756 uleus.
326 700 390 752 cist.
407 695 440 764 Ξ,
462 697 495 762 8,
519 699 561 752 22.
580 719 634 766 an,
659 699 779 765 amabo,
806 702 935 755 meretrix
949 699 1001 757 iiie
1016 712 1075 767 est,
1095 723 1166 776 quae

189 782 272 839 illam
298 783 435 838 sustulit?
466 785 547 837 Merc.
570 783 606 849 0,
634 784 666 850 1,
689 781 734 838 41.
757 785 877 850 amabe,
902 805 939 840 en
963 791 1077 849 meritus
1102 791 1165 844 cst?

187 870 281 930 Pseud.
296 869 328 931 1,
352 868 386 932 1-,Ι
408 867 451 920 27.
470 888 523 934 en,
546 866 677 933 obsecre,
704 867 796 925 ineis
823 869 925 926 inient
949 877 1056 944 quotue
1079 873 1165 946 geili-

188 974 242 1010 nee
259 949 474 1008 munusi'Poen.
493 953 528 1020 2,
548 953 594 1010 29.
960 975 964 982 ·

200 1057 234 1122 7.
265 1055 369 1122 Huius
384 1055 653 1154 interrogationis
677 1057 835 1160 proprius
859 1067 908 1122 est
928 1057 1041 1142 locus,
1069 1061 1167 1130 ubia
1217 1083 1225 1118 t
1312 1073 1315 1078 '
1377 1113 1380 1128 .

119 1149 234 1216 nostra
251 1141 411 1206 sententia
426 1141 465 1205 ad
483 1141 642 1222 alienam,
665 1164 731 1207 sive
745 1165 779 1206 m
797 1147 1079 1232 argumentatione
1095 1171 1113 1212 a
1129 1171 1167 1214 re
1246 1219 1249 1228 ¹

118 1248 185 1316 pro
212 1223 295 1292 osiia
310 1227 352 1292 ad
366 1228 572 1308 universam,
594 1249 677 1314 qnae
692 1228 855 1292 contraria
879 1239 944 1304 est,
965 1253 1036 1296 rem
1053 1242 1166 1297 trans-
1270 1223 1273 1240 ¹

119 1251 308 1407 gredimnr,
325 1321 376 1375 'ut
399 1335 461 1399 per
484 1333 557 1378 eam
581 1313 767 1402 negandam
791 1322 823 1378 et
844 1305 1052 1380 refutandam
1077 1318 1166 1383 illius

121 1400 290 1465 veritatem
307 1395 561 1475 confirmemus,
588 1409 621 1463 et
637 1397 857 1464 obiectionem
879 1400 1010 1466 inanem
1038 1424 1075 1468 ac
1098 1401 1166 1468 fal·
1347 1401 1355 1432 ‘

118 1505 191 1548 sam
212 1504 423 1570 occupemus.
469 1483 571 1565 Quasi
588 1483 916 1570 interponam-chace
931 1486 1164 1575 interrogatio:
1205 1487 1208 1492 ’
1244 1553 1247 1563 ,
1331 1507 1332 1518 ’

119 1577 212 1633 estne
228 1567 294 1632 hoc
310 1589 444 1649 verum,
475 1591 516 1633 an
532 1568 624 1633 aliter
644 1588 696 1633 res
711 1591 747 1632 se
762 1560 884 1634 habeti
913 1592 955 1636 an
972 1575 1095 1661 putatis
1119 1573 1164 1638 ii·-

10 1719 12 1726 ,
117 1653 177 1718 lud
196 1653 265 1720 esse
278 1650 405 1740 posse?
433 1638 482 1718 ita
497 1653 649 1718 simulate
664 1665 695 1718 et
710 1675 787 1718 cnm
802 1655 907 1722 nonin
923 1659 1164 1746 interrogantes

10 1733 12 1754 '
118 1740 370 1827 comparatione
388 1739 632 1803 contrariorum
655 1739 855 1804 adversarios
877 1751 1009 1807 nostros
1036 1743 1078 1808 ad
1104 1742 1166 1808 ab·

118 1825 259 1889 surdum
289 1823 493 1894 deducimus.
551 1825 657 1909 Saepe
688 1824 913 1909 interponitur
938 1849 1032 1902 uero,
1074 1829 1166 1914 quod

116 1929 337 1976 sensumnon
352 1917 478 1990 mutat,
509 1909 566 1973 sed
589 1911 656 1974 vim
676 1917 804 1974 tantum
826 1909 915 1974 addit
939 1912 974 1975 in
996 1912 1164 1978 eiierendo

118 2017 180 2082 co,
201 1996 313 2086 quod,
335 1996 363 2060 si
379 2004 481 2077 esset,
498 1995 707 2060 miraremur.
780 2031 781 2036 κ

170 2169 172 2180 ,
224 2117 279 2169 Cic.
292 2117 321 2168 in
334 2117 420 2168 Pison.
437 2113 470 2180 5,,
487 2115 528 2167 10.
543 2134 632 2188 neque
650 2133 716 2170 uere
728 2114 853 2170 multum
870 2119 984 2171 interest
1002 2117 1166 2186 praesertim

188 2206 219 2260 in
234 2200 363 2268 consule,
381 2209 471 2256 utrum
486 2203 546 2270 ipse
560 2195 723 2271 perniciosis
736 2199 858 2273 legibus,
874 2198 1007 2272 improbis
1028 2205 1167 2258 concioni·

188 2286 240 2342 irus
254 2285 451 2358 rempublicam
465 2295 563 2350 vexet,
579 2307 616 2339 en
631 2286 707 2341 ulios
721 2305 822 2341 verere
837 2289 972 2356 patiatur.
1006 2287 1053 2340 An
1065 2289 1167 2359 'potest

108 2381 110 2384 ’
188 2373 250 2428 ullu
274 2391 333 2428 esse
356 2355 517 2433 excusatiir,
533 2388 589 2423 raon
613 2369 705 2426 dicem
725 2371 799 2426 rieule
818 2373 964 2433 sentienti,
984 2371 1035 2425 sed
1049 2369 1166 2439 sedenti,

187 2457 343 2517 cunctanti.
360 2447 510 2511 dormienti
528 2459 557 2511 ie
572 2460 695 2511 marimo
715 2461 785 2527 reip.
800 2455 878 2510 motu
896 2455 1026 2532 consuli?
1042 2457 1069 2509 in
1087 2460 1165 2510 Vera.

189 2543 215 2596 1.
240 2546 298 2596 Act.
321 2541 356 2605 9,
382 2540 425 2592 27.
451 2540 592 2610 expositis,
627 2559 693 2610 qnae
715 2542 826 2594 consilia
850 2545 969 2595 aVerre
984 2543 1035 2594 iam
1055 2543 1122 2595 inite
1139 2553 1167 2595 et

190 2627 333 2680 constituta
355 2625 472 2692 inerint,
496 2627 599 2695 pergit:
623 2645 661 2678 en
685 2645 728 2681 me
754 2631 902 2682 taciturum
924 2629 1012 2680 tantis
1032 2625 1167 2703 derebus

189 2710 420 2768 existimavistis?
436 2711 455 2762 i.
473 2729 498 2763 e.
519 2711 587 2764 oder
599 2709 728 2780 giuubtet
744 2710 787 2766 iirr
804 2722 856 2771 etc.
879 2713 915 2766 ci.
932 2711 962 2772 1,
975 2710 1028 2778 39,
1046 2712 1105 2766 102.
1131 2713 1167 2765 de

191 2799 243 2850 off.
256 2795 291 2864 8,
308 2795 362 2860 29,
378 2793 437 2848 105.
454 2815 518 2849 nem
534 2794 609 2868 quod
622 2798 702 2848 aiunt
720 2798 835 2850 minima
851 2795 885 2848 de
903 2793 1001 2862 melis,
1020 2795 1050 2848 id
1065 2807 1116 2860 est,
1134 2807 1168 2849 ut

190 2887 307 2954 turpiter
320 2883 417 2951 potius
435 2897 518 2952 quem
532 2879 713 2936 calamiteser
739 2888 834 2934 un'est
851 2878 939 2933 ulium
956 2881 1046 2934 maius
1062 2882 1166 2935 muium

188 2964 384 3038 turpitudine?
399 2967 477 3017 Tusc.
493 2961 526 3030 4,
542 2963 596 3029 28,
615 2962 658 3020 52.
679 2967 786 3029 nescio,
812 2964 909 3036 ecquid
936 2968 993 3034 ipsi
1009 2981 1061 3020 nos
1080 2961 1166 3034 forti·

190 3046 283 3107 terite
299 3047 442 3121 republica
461 3045 624 3120 fecerimus.
642 3053 668 3104 si
686 3049 754 3124 quiri
765 3045 905 3120 fecimus,
924 3059 995 3103 certe
1019 3051 1086 3105 ireti
1110 3069 1167 3117 ncn
1188 3106 1190 3111 ,

183 3118 319 3210 fecimus.
346 3137 394 3193 An
406 3146 449 3190 est
467 3134 618 3209 quidquam
635 3134 757 3188 similius
773 3137 909 3197 insaniae,
926 3152 1008 3206 quem
1021 3134 1084 3189 ira?
1102 3134 1131 3187 h.
1142 3155 1166 3189 e.

190 3220 367 3286 concedisne,
394 3239 453 3288 me,
476 3220 579 3289 siquid
597 3219 703 3271 fortiter
723 3220 847 3284 fecerim,
872 3219 968 3270 iratum
986 3235 1040 3270 non
1062 3221 1165 3286 iecisse,

189 3327 224 3362 au
240 3316 316 3377 putas
335 3305 474 3374 quidquem
492 3306 601 3358 similius
628 3302 745 3355 insaniae
768 3323 824 3356 esse
847 3303 917 3368 irai,
939 3303 1051 3381 dcflniv.
1073 3304 1166 3370 1,.1t,

190 3379 234 3450 234.
252 3412 321 3465 quae
338 3389 451 3444 tandem
469 3389 500 3444 id
516 3408 562 3444 ars
578 3406 635 3442 nou
652 3387 756 3443 iubet?
772 3419 807 3430 ·-
824 3390 870 3443 An
892 3387 1027 3442 medicina
1045 3407 1092 3442 ars
1109 3407 1167 3444 non
1251 3441 1254 3448 ,

189 3477 319 3552 putanda
337 3477 399 3530 est?
416 3476 491 3528 ovid.
508 3477 571 3528 Her.
591 3473 641 3542 17,
660 3472 719 3526 165.
748 3473 795 3551 Sic
821 3490 896 3527 meus
921 3472 984 3525 irinc
1007 3476 1051 3528 vir
1076 3471 1165 3540 abest,

190 3575 222 3618 ut
241 3584 284 3616 me
300 3559 441 3615 custodiat
461 3558 586 3614 absens.'
605 3560 650 3614 An
673 3559 761 3612 neseis
784 3557 884 3632 longus
907 3557 1016 3628 regibus
1033 3576 1092 3613 esse
1108 3578 1166 3613 mec·

191 3666 251 3702 nus.
269 3647 339 3716 qnod
355 3662 410 3696 non
430 3654 485 3712 eet,
506 3645 544 3718 pti
562 3637 698 3697 Schiiteins
717 3643 849 3696 reddidit:
865 3642 983 3708 mirarer,
1003 3643 1025 3695 si
1041 3646 1166 3712 nescires,

193 3728 288 3802 weisst
310 3731 349 3785 du
371 3728 444 3797 deun
468 3729 620 3784 uicisti·
652 3729 713 3782 sed:
735 3729 845 3780 hoccine
867 3746 921 3781 non
940 3745 1030 3781 veram
1053 3731 1166 3797 videtur,

192 3825 226 3870 ati
250 3815 335 3869 nescis
360 3801 409 3866 -ἐ
435 3813 503 3869 oder
526 3811 620 3887 weisst
639 3814 678 3894 du
704 3813 800 3868 nicht?
828 3814 882 3867 Cic.
901 3817 980 3867 Tnec.
998 3811 1032 3879 4,
1049 3813 1101 3879 26,
1121 3815 1165 3872 55.

191 3912 330 3957 oratorem
350 3917 416 3953 uero
444 3902 526 3955 irasci
552 3905 663 3954 minime
690 3899 783 3968 decet,
808 3897 938 3954 simulare
963 3917 1020 3952 non
1045 3899 1166 3956 dedecet.
1249 3915 1252 3926 '
1317 3904 1319 3920 '

191 3991 238 4044 An
255 3987 308 4042 tibi
323 3989 406 4043 irasci
424 3984 638 4048 tuntvidemur,
663 4002 747 4055 quum
765 3987 831 4058 quid
856 3987 886 4038 in
904 3986 1009 4038 caussis
1030 3987 1121 4039 acrius
1137 3994 1167 4039 et
1227 4047 1229 4052 Ι

190 4073 377 4129 uehementius
395 4066 534 4124 dicimus?
556 4087 583 4137 p.
600 4070 701 4138 cluent.
717 4069 769 4133 22,
785 4068 829 4122 60.
845 4087 883 4121 un
899 4086 964 4123 vero
986 4067 1033 4123 iiii
1051 4085 1102 4124 sua
1115 4087 1166 4142 per
1271 4091 1275 4097 ·

193 4160 296 4232 seipsi
313 4157 419 4216 iudieie
434 4152 620 4220 recenserent
638 4164 689 4207 etc.
721 4173 748 4224 p.
761 4153 862 4208 ttilon.
880 4153 931 4219 23,
949 4152 992 4207 62.
1022 4205 1030 4212 ,
