2826 4750
620 329 691 404 tu.
906 321 911 332 '
1093 333 1155 400 aa„

85 485 263 550 tiationem
281 483 449 572 vulgarem
465 484 562 550 multi
576 485 749 550 servabant
764 483 799 572 iq
813 484 994 574 scripum:
1017 484 1058 552 dt
1072 507 1137 574 qua

86 593 125 634 re
141 567 387 650 Quinctilianus
412 576 441 649 1,
458 574 490 648 7,
504 571 536 637 5.
572 571 637 644 itta
651 592 777 658 quoque
792 582 928 636 servato
941 581 990 636 est
1005 594 1029 635 o
1045 567 1136 637 mal-

87 657 133 719 tis
155 651 366 744 differentia,
389 666 427 719 ut
443 656 513 737 AD,
529 679 630 756 qaum
645 667 730 722 esset
740 656 969 755 praepositio,
985 656 1015 720 D
1040 655 1137 722 litte·

87 763 187 816 ram,
214 761 317 828 quum
337 743 668 820 autemcomaoetio,
700 739 731 804 T
754 751 941 828 acceperet.
963 741 1022 806 ubi
1036 741 1136 831 Spal-

87 823 219 913 dingius
236 824 318 888 bene
334 837 462 905 monet,
486 827 525 890 nb
542 827 553 892 i
579 849 616 892 so
633 825 860 907 Quinctiliano
875 825 961 892 bano
980 827 1137 892 differen-

86 912 170 976 tiam
207 910 389 974 contemni.
428 910 528 977 Conf.
586 913 673 976 annii
703 910 886 976 Miscellan.
913 917 951 995 3,
988 915 1041 978 25.
1073 913 1137 980 Alii

88 995 309 1094 grammatici,
327 995 387 1080 qui
403 997 581 1062 notionum
595 999 781 1063 varietatem
797 995 918 1084 ubique
936 997 1039 1062 oculis
1054 999 1137 1063 sub-

88 1079 382 1162 acens-solebant,
410 1083 581 1170 utriusque
604 1081 757 1149 vocabuli
773 1079 1016 1148 distinctionem
1031 1084 1137 1151 obsti·

89 1166 262 1232 natissime
276 1174 462 1234 tenuerunt.

196 1285 330 1338 Charisius
350 1287 377 1340 2.
392 1305 419 1356 p.
434 1285 496 1340 203.
531 1286 578 1342 Ar
592 1289 827 1356 coniunctiorem,
846 1305 892 1341 sn
910 1305 977 1342 aero
990 1291 1137 1360 praeposi·

158 1373 266 1424 tionem
280 1370 421 1427 scribant.-
434 1367 630 1440 εὐφωνότερον
647 1383 739 1426 tamen
752 1385 809 1437 est,
835 1384 867 1426 at
882 1371 950 1428 irasc
964 1391 1016 1445 per
1032 1391 1056 1426 n
1072 1376 1138 1429 scri·

162 1455 264 1520 batur,
290 1477 325 1511 ns
345 1455 513 1531 subsequens
529 1477 546 1510 a·
562 1457 672 1520 littera,
695 1457 834 1514 duriorem
847 1460 941 1532 mique
954 1457 1075 1516 similem
1094 1476 1138 1512 so·

159 1560 227 1595 rrum
252 1540 365 1596 litterae
387 1541 536 1613 auspican,
576 1542 681 1598 dictum
701 1540 811 1616 faciat.
831 1547 971 1601 immitius.
1003 1543 1139 1596 thtellsxit

158 1627 230 1679 enim
243 1626 465 1696 praepositionem
478 1629 507 1678 in
522 1630 674 1698 compositis
689 1629 786 1697 verbis.
806 1631 841 1682 ei.
854 1632 915 1702 Yol.
930 1631 1014 1700 Long.
1025 1649 1051 1700 p.
1059 1626 1139 1684 2225.

159 1711 269 1764 Terent.
286 1715 374 1766 Scaur.
394 1732 420 1781 p.
435 1711 522 1768 22⁵0.
537 1709 675 1769 scribendi
699 1723 794 1768 autem
817 1717 890 1770 ratio
910 1724 1031 1786 quatuor
1047 1715 1138 1773 modis

160 1801 297 1852 vitiatam
313 1811 348 1838 ‘-
370 1817 421 1869 per
440 1799 679 1861 immutationem,
708 1810 840 1872 utquam
860 1818 903 1852 ιτ
917 1803 1138 1856 coniunctionem
1170 1851 1174 1868 ,

159 1900 211 1954 per
225 1901 248 1936 n
263 1879 394 1944 scribant,
405 1892 432 1934 et
446 1880 579 1945 eamdem,
593 1887 934 1956 quotiespmspositiosp‘t.
942 1901 992 1954 per
1006 1904 1040 1938 ra
1055 1904 1138 1958 qaam

161 1965 271 2040 alioqui
293 1986 308 2020 e
331 1970 469 2022 contrario
491 1963 680 2037 debeatfieri.
705 1967 803 2020 Eadem
815 1967 906 2028 Velius
921 1969 1005 2036 Long.
1020 1987 1048 2040 p.
1056 1970 1138 2026 wo.

161 2037 194 2106 et'
202 2053 271 2124 apud
283 2052 466 2107 Cassiodorum
483 2071 510 2122 p.
526 2049 605 2104 2287.
619 2055 686 2104 Mar.
700 2053 803 2106 Victor.
819 2071 846 2122 p.
860 2048 939 2103 2467.

84 2205 106 2223 ’-
176 2179 229 2244 ΛΤ
245 2189 382 2266 apparet
403 2180 439 2244 in
462 2178 745 2267 inscriptionibus.
761 2179 826 2244 vid.
842 2177 952 2243 Noris.
967 2178 1002 2242 in
1019 2151 1136 2247 Cen'ot.

94 2263 203 2329 Pison.
224 2263 256 2327 4.
290 2287 326 2352 p.
343 2267 418 2330 453.
452 2269 500 2352 (p.
517 2270 591 2363 216.
617 2264 757 2351 Harles.)
781 2265 945 2352 Dauoque.
975 2265 1135 2356 Ortbogr.

120 2351 199 2416 .48.
217 2351 270 2414 48.
303 2361 335 2415 et
355 2351 394 2422 iu
417 2350 644 2416 vetustissimis
669 2349 848 2416 codicibus.
880 2350 933 2416 vd.
957 2350 1079 2423 Pierius
1097 2353 1138 2419 ad

93 2372 184 2523 i'irg.
196 2437 278 2500 Aen.
294 2435 326 2504 4.
347 2458 384 2526 p.
400 2437 454 2502 54.
1248 2433 1251 2440 ’

90 2605 103 2620 ,
177 2549 340 2624 Universa
361 2547 619 2644 praepositionis
636 2571 683 2618 nu
702 2551 897 2642 significatio
922 2577 965 2620 ex
980 2557 1137 2625 earatio-

94 2663 137 2706 ne
150 2641 392 2728 proficiscitur,
418 2664 482 2728 qua
499 2641 581 2704 duae
595 2661 649 2702 res
665 2662 700 2703 se
717 2639 874 2738 attingere
887 2651 1025 2723 tentant,
1034 2653 1066 2708 et
1096 2665 1139 2710 ua

94 2739 207 2791 motus
231 2727 348 2814 aliquis
371 2747 483 2790 versus
498 2725 539 2790 ali
564 2731 643 2787 uam
658 2747 731 2789 rem
747 2725 907 2812 dirigitur.
950 2729 1057 2814 Atque
1073 2667 1138 2804 iao

93 2813 298 2911 proprietate
315 2812 425 2878 differt
441 2835 459 2876 a
480 2831 562 2876 voca
586 2809 648 2874 ulis
665 2807 761 2896 opud
778 2820 810 2872 et
829 2811 877 2875 ia.
922 2811 1026 2898 Apud
1047 2814 1138 2878 euim
1163 2813 1167 2824 ’

95 2919 201 2985 ipsam
223 2897 512 2987 propinquitatem
534 2905 639 2980 notat,
664 2895 699 2958 in
717 2915 781 2981 qua
797 2895 879 2960 duae
893 2919 946 2962 res
962 2898 1054 2963 iuxta
1068 2921 1138 2986 po·

95 2985 174 3048 sitae
198 2993 276 3048 sunt
287 3032 297 3064 ‚
324 2985 362 3048 in
376 2994 486 3048 autem
500 2983 675 3046 introitum
695 2991 727 3045 et
742 2981 901 3062 modum,
931 3003 997 3067 quo
1015 2984 1054 3048 ali
1081 2983 1137 3050 uid

95 3070 129 3134 in
150 3069 295 3155 aliquam
319 3091 391 3134 rem
415 3077 582 3157 penetrat,
607 3076 662 3132 aut
675 3075 845 3154 penetrare
859 3067 996 3134 videtur.
1039 3007 1138 3136 [inde

97 3156 212 3219 Senec.
236 3153 342 3241 Epist.
370 3159 431 3236 73,
466 3155 516 3219 14.
546 3153 628 3218 detta
656 3151 705 3216 od
722 3151 873 3216 domimo
891 3154 1000 3234 venit,
1020 3154 1136 3232 immo,

96 3239 186 3328 quod
203 3239 345 3326 propius
374 3251 442 3319 est,
465 3240 502 3304 in
521 3238 673 3302 hominen
689 3238 789 3302 venit.
813 3237 913 3303 Coni.
928 3239 1083 3308 Diomed.
1106 3246 1136 3305 1.

96 3349 132 3412 p.
150 3329 227 3390 409.
274 3325 485 3422 Quamquam
508 3324 542 3387 in
564 3323 677 3388 mrtltis
694 3322 774 3388 baec
793 3322 839 3388 ita
854 3327 1072 3407 conveniunt,
1100 3335 1139 3388 ut

98 3411 198 3475 altera
222 3411 426 3498 praepositio
454 3408 585 3474 alterius
608 3408 675 3473 vim
698 3409 733 3478 in
757 3431 792 3474 so
817 3409 964 3496 recipiat.
1007 3409 1059 3480 Ex
1081 3409 1138 3473 illa

96 3518 175 3561 vero
199 3495 508 3560 universanotione
532 3515 666 3574 omnes,
690 3516 772 3581 quae
795 3493 938 3558 diversae
956 3495 1139 3559 admodum

97 3605 165 3646 esse
190 3581 360 3662 videntur,
392 3577 645 3667 significationes
670 3581 705 3642 in
728 3589 834 3644 certos
860 3579 991 3644 ordines
1017 3579 1134 3646 deduoi

97 3677 258 3754 possunt,
280 3665 325 3733 in
344 3665 462 3752 quibus
479 3663 620 3744 seilicet,
641 3686 679 3732 re
694 3665 734 3732 ad
749 3664 897 3730 animum
914 3674 947 3728 et
962 3666 1138 3752 cogitatio-

98 3775 175 3816 nem
206 3751 327 3831 relata,
379 3749 625 3838 metaphoricae
664 3749 759 3812 distin
785 3751 901 3812 uantur
934 3775 953 3814 a
983 3752 1137 3850 propriis.

98 3837 260 3924 Equidem
278 3835 357 3900 haec
373 3857 551 3934 persequar
565 3834 626 3900 hae
647 3774 879 3927 exempiorum
896 3835 1136 3902 distributione.

100 3921 326 4011 componitur
339 3944 429 3988 emm
447 3940 494 3988 An
510 3919 709 4010 praepositio

140 4041 167 4108 l.
192 4048 222 4106 1.
254 4061 332 4104 cum
346 4039 470 4122 verbis,
493 4060 577 4128 quae
595 4050 727 4108 motum
745 4040 785 4105 ad
804 4039 945 4128 aliquam
960 4063 1032 4106 rem
1050 4039 1138 4105 dire-

148 4137 258 4194 ·ctnm
273 4123 477 4214 significant,
503 4146 575 4214 quo
600 4129 738 4194 nomine
751 4127 850 4195 etiam
867 4124 965 4195 verba
980 4125 1137 4199 adbiben-
1168 4159 1189 4217 ι,
