2826 4750
238 981 241 985 ’
415 934 843 1105 isannes
934 1015 944 1034 =

87 975 89 984 ,

87 1217 145 1344 Α
166 1265 298 1333 factum
319 1272 369 1332 cst
392 1285 435 1330 ex
455 1263 625 1352 primitivo
642 1265 803 1338 vocabulo
820 1253 882 1346 Ab,
909 1237 1027 1332 outissa
1048 1264 1127 1330 ulti-

91 1375 139 1416 ma
155 1353 280 1428 littera,
303 1351 398 1416 sicuti
419 1375 437 1415 e
461 1351 573 1418 desum
598 1362 670 1418 tum
693 1363 741 1418 est
761 1352 802 1416 ab
822 1351 950 1438 integro
968 1349 1127 1416 vocabulo

90 1461 134 1524 er.
177 1439 295 1518 Quare
323 1435 544 1522 antiquiorem
582 1457 710 1502 ormam
733 1435 945 1501 nominamus
971 1431 1025 1500 ob.
1068 1437 1130 1501 Est

29 1547 30 1560 ÷
86 1524 158 1588 veie
180 1521 226 1586 ab
251 1525 462 1588 Graecortnn.
477 1516 548 1603 tet,
581 1523 704 1588 abiecta
724 1523 921 1598 ultima,„et
948 1521 1052 1584 tenui.
1069 1522 1127 1585 lit-

86 1619 150 1672 tera
185 1610 220 1672 iu
257 1608 402 1672 mediam
428 1615 573 1691 mutata,
610 1609 891 1698 quemadmodum
923 1623 966 1672 ex
996 1597 1070 1688 ded
1088 1605 1127 1672 fit

47 1747 49 1752 ,
84 1692 151 1756 sub.
195 1695 307 1780 Atque
330 1691 521 1778 inutraque
540 1693 606 1758 hoc
625 1687 1126 1780 vocabuloperomniasaecu-
1188 1771 1190 1778 Α
1232 1700 1236 1717 ¹

29 1785 30 1796 ¹
84 1779 112 1842 la
136 1789 264 1842 servata
294 1801 362 1842 esse
386 1773 556 1843 videbatur
576 1779 745 1844 nonnullis
768 1771 989 1876 grammaticis
1013 1797 1127 1865 graeca

83 1860 315 1950 pronuntiatio
344 1863 472 1926 litterae
504 1881 547 1939 Ρ,
592 1885 777 1949 numquam
802 1886 843 1934 m
875 1861 1037 1948 scriptura
1065 1885 1127 1926 ax-

112 1970 209 2011 ressa.
259 1947 307 2010 De
337 1945 533 2034 compositis
563 1949 696 2033 quidem
727 1945 834 2018 verbis
864 1955 991 2013 certum
1019 1953 1127 2012 exstat

84 1971 301 2111 {Quinctilium
312 2030 540 2097 testimonium
555 2032 636 2096 inst.
655 2039 683 2113 1,
700 2037 730 2112 7,
748 2037 779 2096 7.
796 2052 857 2095 nec
874 2028 1125 2116 ’414444414ῢί4-

83 2114 317 2204 ‘seriptionibus
353 2115 473 2186 similia
503 2119 656 2206 exempla
677 2117 766 2186 verbi
789 2115 948 2203 optmuit.
993 2112 1124 2182 Gruter.

85 2225 117 2288 p.
132 2208 208 2269 502.
238 2225 271 2270 v.
294 2203 349 2268 24.
376 2226 412 2290 p.
433 2208 509 2268 203.
537 2225 568 2268 v.
594 2207 647 2268 40.
692 2204 735 2267 At
757 2199 813 2266 illa
835 2199 996 2266 sententia
1020 2220 1124 2290 quum

89 2288 307 2368 aliis'caussis‚
336 2295 410 2352 tum
424 2288 570 2354 maxime
587 2309 626 2357 eo
649 2287 856 2375 infringitur,
869 2365 871 2370 Ι
885 2286 977 2372 quod
999 2289 1066 2362 anti
1091 2289 1124 2352 ui

86 2375 221 2439 scribere
244 2373 398 2439 solebant
411 2391 466 2439 nn.
509 2373 588 2450 Sed,
613 2381 649 2438 ut
671 2375 715 2438 ait
734 2373 916 2440 Priscianus
938 2393 974 2460 p.
991 2375 1058 2457 560,
1068 2307 1121 2458 <11,

83 2461 111 2538 8,
135 2461 188 2524 46.
213 2458 411 2557 Kr.),.qnio
433 2482 504 2558 pon
523 2467 637 2558 potest
657 2479 731 2534 eeu,
754 2457 794 2522 id
810 2467 860 2532 eet
875 2456 1067 2544 digamma,
1087 2457 1125 2524 iu
1168 2481 1171 2489 ’

29 2557 30 2602 t
79 2541 146 2630 fine
159 2542 318 2632 syllabae
331 2565 493 2620 invenere,
522 2545 600 2608 ecleo
625 2557 762 2612 mittete
783 2555 832 2608 est
860 2542 898 2606 io
918 2561 950 2606 u.
991 2533 1123 2608 Gruter.

29 2621 32 2720 Ι

80 2629 177 2694 lusor.
200 2653 238 2718 p.
257 2631 333 2696 499.
368 2635 419 2722 12.
453 2646 655 2726 4142031414.
692 2629 795 2717 Igitur
814 2629 940 2692 litterae
954 2627 1122 2702 lenitatem

79 2717 240 2862 Xdprimis
273 2715 349 2780 inde
371 2715 577 2802 temporibus
599 2715 768 2802 placuisse,
790 2720 879 2778 recte
904 2711 1121 2786 censebimus.

29 2815 30 2818 ’
128 2802 193 2865 dita
214 2803 327 2866 littera
348 2819 382 2882 4,
412 2801 461 2863 uti
483 2800 600 2864 Graeci
620 2803 649 2878 ἐξ
670 2823 733 2888 pro
755 2799 788 2868 bt
808 2799 980 2879 dixerunt,
1016 2799 1123 2866 Latini

29 2895 32 2944 l

78 2883 333 2950 fecerunt-obe.-
357 2886 397 2952 de
418 2885 509 2948 cuius
524 2885 650 2974 origine
665 2891 789 2951 veteres
809 2891 958 2948 auctores
977 2901 1121 2950 eonsen-

78 2972 174 3034 tiunt.
220 2971 433 3056 Quamquam
449 2969 572 3052 Festus,
592 2969 697 3036 alieno
712 2969 823 3058 lapsus
836 2987 972 3050 errore,
994 2973 1122 3056 praeci-

76 3057 125 3143 pit
139 3057 204 3121 itaz
238 3055 316 3120 obs
330 3051 546 3142 praepositio
570 3079 593 3121 o
615 3057 748 3122 Graeco
765 3049 944 3123 deducitur
965 3048 1018 3134 ἄψ.
1062 3055 1124 3120 49ιὶ-Υ
1192 3104 1194 3111 .

74 3137 228 3228 gnificat
255 3143 368 3205 autem
392 3143 634 3207 retractionem
658 3138 694 3206 in
749 3147 860 3206 artem
883 3135 1120 3225 posteriorem.

77 3228 247 3290 Graecum
268 3227 357 3292 enim
377 3221 451 3306 do,
464 3227 575 3324 ipsum
591 3247 633 3294 ex
647 3165 747 3292 teti

75 3313 104 3375 ri
125 3312 403 3398 pronuntiatione
423 3311 531 3376 latmo·
548 3315 650 3386 uerbo
675 3309 910 3399 responderet,
942 3311 982 3375 de
1005 3329 1070 3397 qua
1083 3333 1121 3376 re

74 3394 298 3463 Buttmauuus
320 3397 403 3462 dixit
424 3398 460 3460 in
486 3398 638 3464 uberiore
654 3396 836 3462 Grammat.
858 3414 992 3483 graeca,
1015 3417 1052 3482 p.
1067 3399 1120 3478 87,

32 3504 35 3565 ᾗ
78 3482 174 3545 etiam
200 3482 443 3570 etymologicam
476 3485 688 3571 explicationi
706 3501 823 3562 ,msam
846 3479 1009 3568 praebuit.
1027 3533 1029 3538 .
1049 3479 1119 3559 ‚sed

31 3599 32 3606 1
76 3567 108 3630 in
131 3561 269 3653 reliquis
292 3568 457 3632 vocabulis
479 3570 671 3658 compositis
691 3571 757 3632 iam
773 3573 896 3632 veteres
913 3564 1119 3652 grammatici

75 3672 281 3740 magnopere
297 3653 542 3738 dubitaverunt,
570 3662 684 3720 utrem
708 3671 765 3733 rs,
780 3698 782 3708 .
797 3670 839 3716 au
862 3666 908 3722 us,
923 3651 1118 3726 sorberentz

76 3737 109 3799 in
146 3739 398 3824 praepositione
420 3739 495 3802 *obs
533 3763 639 3805 nemo
663 3739 830 3803 dubitasse
847 3735 998 3812 videtur.
1042 3735 1118 3820 vid.

78 3821 273 3974 {clplnevidcri
285 3825 435 3948 “Gramm
453 3824 479 3888 I.
498 3828 528 3890 1.
549 3847 584 3915 p.
601 3830 719 3952 mus.
737 3877 740 3884 ,
758 3817 865 3888 Vossii
881 3817 1118 3908 Etymol.·Lat.

189 4009 316 4071 Quinctil.
337 4008 380 4083 ts,
398 4009 446 4077 10,
464 4009 506 4064 32.
526 4011 592 4085 qnid
610 4007 685 4086 qaod
701 3991 962 4085 syllaeaeaostrae
979 4003 1008 4062 in
1025 3965 1052 4060 ¹B
1072 4005 1119 4060 lit·

148 4101 235 4148 teram
259 4103 287 4147 et
315 4094 342 4148 D
365 4099 520 4154 innitentur
541 4097 611 4152 adeo
636 4111 747 4169 aspere,
775 4105 808 4149 ut
828 4093 1030 4165 pleriqueerrare
1045 4093 1127 4166 auti„
1245 4123 1247 4134 ,

816 4183 866 4267 1x
929 4226 942 4238 ,.

734 3233 863 3306 actum,
886 3243 989 3310 quum
1004 3225 1122 3312 ¹vulga--
1234 3264 1238 3273 ·
