2866 4754
193 331 232 444 'ss
261 351 326 421 ιιι
458 411 461 424 ,
752 339 822 406 ιιι.

277 523 280 530 ·
345 505 378 570 8.
380 501 528 602 '‘Quure
552 505 689 562 utuntur
712 495 777 560 hec
813 491 942 560 dicendi
974 489 1123 564 formula
1157 499 1310 558 oratores

217 645 220 656 .
262 590 361 655 ctiam
376 589 422 652 iu
419 585 600 654 reiiciendu
618 583 791 648 adversarii
807 578 977 646 sententia.
1019 575 1117 644 Tunc
1132 600 1230 664 saepe
1246 578 1310 642 nd-

262 677 347 742 dunt
362 696 455 748 uero,
474 693 543 735 non
559 679 671 733 temen
686 669 880 754 particulam
895 665 1141 731 adversativum.
1188 665 1311 753 Oppo-

191 771 209 826 ἰ
262 762 337 828 sitio
355 761 443 826 enim
458 755 519 821 fit
510 778 582 843 ipsu
596 757 864 842 interrogatione
931 770 936 784 ⁸
1109 783 1166 822 ⁴„a
1231 814 1236 822 ,

363 883 469 932 Terent.
485 879 551 929 Eun.
572 875 607 940 1,
628 874 661 939 3,
681 875 724 927 91.
753 877 802 926 ΡΑ.
817 873 966 946 flagitium
980 869 1116 944 facinnqs.
1153 873 1200 926 Ge.
1219 893 1256 927 ιιιι
1275 873 1307 930 id

325 963 517 1038 flagitiumst,
547 965 618 1016 siin
637 959 749 1021 dentum
767 965 945 1016 meretriciam
970 958 1111 1014 deducar?
1134 960 1219 1011 Plnut.
1234 961 1308 1013 Asin.
1359 964 1363 973 '

252 1079 254 1085 =
306 1049 358 1114 ’,8
370 1045 471 1112 3115
493 1055 711 1119 qraemteautem
720 1045 801 1100 deum
817 1045 982 1100 nominem?
993 1048 1041 1099 Le.
1056 1047 1207 1099 Fortunam
1223 1057 1310 1118 atque

336 1133 545 1206 Obsequentem.
579 1135 627 1184 Au.
652 1133 713 1186 Iam
737 1137 809 1187 istoc
836 1151 865 1186 es
889 1131 996 1186 melior.
1031 1133 1072 1184 Li.
1101 1138 1148 1188 An
1174 1131 1243 1206 quid
1264 1143 1309 1188 est

265 1275 271 1282 ,
330 1219 401 1274 olim
420 1218 526 1271 homins
542 1217 638 1272 salute
659 1217 871 1271 ιιιιΙίιιι1Τι1ιι.
887 1218 921 1281 1,
938 1217 972 1280 1,
989 1215 1033 1270 90.

366 1307 420 1357 Cic.
434 1323 463 1373 p.
482 1307 560 1357 [tusc.
584 1307 640 1356 Am.
661 1303 712 1366 41,
743 1304 801 1357 120.
829 1307 859 1358 in
885 1303 1015 1356 dontinus
1043 1303 1139 1383 quaeri
1161 1300 1197 1356 de
1221 1304 1309 1358 seruis

329 1393 501 1472 iniquum
475 1399 525 1442 est.
560 1390 641 1442 Anne
660 1387 823 1459 quaeritur?
850 1387 923 1442 Sex.
931 1387 1003 1441 e'nim
1027 1387 1147 1443 Roscius
1167 1405 1232 1442 reus
1256 1400 1308 1443 est.

329 1475 381 1526 hoc
403 1485 457 1526 est:
485 1484 513 1524 et
534 1491 587 1524 non
611 1472 856 1542 quaesiturum,
882 1490 947 1526 num
962 1471 1132 1552 quaeritur?
1161 1473 1209 1524 sed
1239 1491 1307 1543 pro-

328 1561 400 1630 prie:
426 1577 516 1615 meane
544 1570 648 1611 constat
673 1558 818 1620 sententie,
850 1575 884 1610 ιιιι
910 1568 987 1630 putes
1006 1558 1144 1627 quaeri?
1135 1576 1162 1610 ιιι
1183 1560 1259 1611 Verr.
1278 1559 1307 1626 2,
1342 1599 1347 1606 .

325 1644 377 1711 48,
396 1645 455 1698 119.
492 1640 604 1714 Philipp.
621 1645 640 1698 1
647 1683 655 1708 ,
669 1643 702 1709 1,
719 1643 746 1697 3.
766 1654 862 1696 contra
880 1662 936 1696 rem
951 1663 1031 1697 suam
1050 1663 1092 1698 me
1110 1643 1201 1698 nescio
1219 1663 1307 1714 quan·

268 1797 269 1802 ¹
328 1731 366 1782 do
397 1735 506 1784 venisse
530 1740 642 1798 questus
666 1740 716 1783 est.
751 1729 796 1784 An
819 1747 871 1801 ego
898 1747 955 1782 non
978 1731 1098 1786 venirem
1123 1740 1220 1802 contra
1236 1729 1307 1786 alie·
1350 1735 1363 1746 ‘

326 1833 393 1868 num
410 1832 462 1885 pro
478 1811 625 1891 familiari
643 1825 670 1868 et
687 1819 840 1869 necessario
861 1816 944 1869 meo?

372 1901 427 1953 Cic.
439 1920 465 1970 p.
483 1901 540 1952 Mil.
559 1901 608 1964 11,
625 1899 718 1954 3311
733 1919 821 1964 vero.
838 1900 959 1967 iudices,
979 1917 1036 1966 ¹ros
1063 1897 1121 1956 soli
1144 1897 1305 1974 ignoratis?

327 2001 379 2038 vos
396 1983 547 2057 hospites
537 2003 566 2041 ιιι
584 1983 635 2038 hac
653 1983 718 2038 urbe
735 1985 939 2045 versamini?

271 2086 275 2092 ’
344 2092 376 2153 9.
408 2085 447 2168 In
469 2089 754 2176 argumentatione
778 2091 824 2154 ite
838 2091 1029 2189 interroget
1051 2089 1108 2168 is,
1142 2087 1200 2186 qui
1227 2109 1306 2152 sen-

258 2171 416 2237 tentiam
412 2196 505 2237 sunm
521 2185 588 2238 tum
604 2185 726 2266 certum
743 2199 811 2240 esse
835 2176 962 2256 innuit,
992 2185 1030 2239 ut
1045 2174 1247 2240 contrarium
1263 2196 1306 2238 ne

259 2260 397 2344 cogitari
421 2260 556 2346 quidem
581 2262 696 2358 pessit.
749 2263 845 2326 Vnde
874 2225 998 2330 ensis’tit
1026 2261 1204 2327 verborum
1222 2257 1306 2324 for-

257 2346 347 2416 m'ula
367 2368 415 2410 on
427 2357 539 2431 potest
553 2347 730 2434 quisquam
750 2343 931 2414 destitere?

363 2464 417 2516 Cic.
433 2485 460 2534 p
453 2467 554 2532 Liger
571 2467 597 2531 1,
619 2462 644 2518 5
664 2465 760 2534 quod
756 2471 782 2524 si
798 2478 841 2521 est
860 2469 1045 2526 criminosum,
1063 2465 1236 2522 necessitatis
1255 2467 1306 2520 cri·

326 2567 388 2602 nien
406 2559 463 2613 est,
480 2569 536 2603 non
552 2551 716 2605 voluntatis
733 2555 798 2606 An
824 2531 891 2621 ille,
920 2557 945 2609 si
971 2552 1113 2625 potuisset
1137 2550 1217 2605 illinc
1243 2550 1304 2604 ullo

327 2634 411 2694 modo
430 2635 562 2701 evadere,
587 2637 685 2692 Vticae
702 2656 784 2708 quam
810 2638 934 2700 Romae,
965 2658 1025 2691 cum
1053 2637 1084 2690 P.
1118 2636 1202 2690 Accio
1221 2656 1306 2706 quarn

328 2739 391 2773 eum
407 2722 630 2776 concordissimis
647 2719 808 2794 fratribus,
835 2743 896 2778 cum
921 2723 1032 2793 alienis
1053 2740 1112 2776 esse
1136 2741 1218 2798 quum
1244 2742 1306 2775 cum

329 2811 389 2861 suis
425 2806 589 2862 nraluisset?
621 2811 661 2860 Itu
686 2808 755 2861 enim
778 2809 917 2877 legendum
948 2827 1004 2862 esse
1034 2807 1221 2860 demonstrarit
1255 2809 1305 2860 Ed.

317 2893 478 2946 'Wunderus
496 2895 525 2958 in
543 2897 607 2948 Var.
624 2897 697 2950 Lect.
714 2897 799 2950 Preef.
820 2916 850 2967 p.¹
864 2895 907 2948 14.
943 2895 992 2962 11,
1010 2890 1054 2948 34.
1074 2891 1174 2965 quodsi
1191 2894 1306 2964 penitus

324 2975 480 3048 perspicere
496 2998 594 3050 posses
613 2982 790 3035 comoediam
807 2983 1003 3052 Ligariorum,
1029 2997 1123 3033 omnes
1134 2975 1245 3050 fratres
1265 2990 1306 3033 te-

327 3082 389 3115 cum
408 3064 542 3124 iudicares
550 3063 657 3136 fuisse.
686 3068 738 3121 ·Αιι
760 3077 855 3138 potest
872 3069 934 3139 quis
954 3063 1097 3126 dubitare,
1116 3068 1181 3137 quin
1199 3074 1249 3116 etc.

342 3169 393 3229 10.
419 3163 599 3232 Itoniae
572 3191 627 3244 vis,
652 3191 734 3256 quue
751 3189 994 3265 quamcumque
1009 3161 1320 3256 interrogationem

260 3247 300 3313 de
331 3251 435 3316 aliena
466 3255 623 3318 sententia
653 3265 866 3353 quaerentem
897 3254 999 3354 regit,
1040 3265 1211 3318 coercetur
1240 3255 1306 3318 nli-

258 3349 420 3424 quantum
437 3348 469 3403 et
484 3340 668 3427 mitigetur
694 3341 774 3404 ubi
765 3343 963 3426 interposito
981 3361 1067 3415 non,
1103 3355 1169 3428 quo
1194 3338 1233 3404 fit
1255 3364 1305 3404 an
1335 3399 1338 3403 .

204 3423 208 3428 ’
237 3447 347 3508 freon,
366 3425 388 3487 i.
407 3446 435 3488 e.
459 3447 590 3507 nonne,
611 3437 732 3490 celtum
750 3449 822 3494 rem
840 3445 909 3490 esse
925 3429 1117 3499 statuimus
1140 3435 1173 3489 et
1190 3425 1302 3490 addito

257 3497 416 3593 vocabulo
427 3511 544 3596 potius
561 3514 727 3578 contrariu
742 3513 844 3600 mn'gis
857 3510 963 3577 velere
979 3511 1173 3574 indicemus.

369 3635 454 3684 Varro
473 3632 505 3684 de
524 3613 555 3684 LI
572 3634 603 3683 L.
618 3630 653 3695 4,
667 3630 723 3702 (5,)
744 3632 778 3698 1,
796 3631 821 3684 6.
842 3649 899 3686 non
926 3630 1003 3686 enim¹
1025 3628 1172 3684 videbatur
1190 3647 1304 3684 eonsen-

221 3719 242 3752 ι’
324 3728 453 3784 tansum,
474 3736 604 3790 quaerere
622 3736 665 3771 me
688 3717 717 3770 in
739 3733 773 3770 eo
797 3715 898 3782 uerbo,
926 3715 1002 3787 quod
1020 3715 1155 3786 finxisset
1182 3714 1303 3800 Ennius,

325 3823 468 3870 caussam,
486 3800 645 3873 neglegere,
665 3800 746 3874 quod.
758 3811 890 3854 ante'rex
906 3801 1032 3855 Latinus
1044 3800 1187 3870 finxisset.
1205 3828 1239 3840 -·
1257 3801 1304 3855 An

324 3909 381 3944 non
398 3892 493 3960 potius
514 3906 575 3940 mea
588 3886 672 3941 verba
691 3886 761 3950 illa,
779 3905 851 3958 quae
868 3883 1040 3940 haereditate
1058 3906 1076 3938 a
1096 3883 1221 3942 Romulo
1239 3907 1305 3958 rege

323 3984 471 4036 venerunt,
498 3991 580 4044 quam
600 3991 671 4044 quae
696 3991 714 4024 a
735 3982 824 4042 poeta
842 3973 929 4025 Livio
954 3970 1076 4024 relicta?
1099 3971 1189 4022 Potuit
1215 3971 1305 4025 omitti

323 4065 435 4134 potius,
454 4057 501 4110 sed
520 4057 627 4110 additur
642 4057 671 4108 iu
689 4058 907 4126 compensandum
924 4067 1059 4148 utrumque
1079 4055 1243 4110 sententiam.
1320 4125 1330 4134 .
1426 4097 1427 4106 ,

342 4169 393 4243 11,
424 4159 489 4226 Sed
510 4159 550 4225 ab
566 4159 627 4226 heo
643 4159 750 4226 ironia
764 4159 911 4230 inversae
926 4158 1086 4226 orationis
1107 4157 1247 4224 omnino
1266 4181 1305 4226 cu
