2826 4750
634 291 679 410 Αμ,
721 331 795 413 AB,
838 333 927 398 ΑΒΘ.
954 353 968 416 5

332 487 525 559 assissinorum
552 481 677 554 quidam,
711 486 759 538 sed
783 497 876 540 tamen
902 498 1026 542 aeteram
1053 485 1162 551 mollire
1184 495 1306 548 tentave-

331 576 405 632 rint,
434 587 490 624 non
516 565 608 618 solum
640 587 779 634 aversa
805 589 858 641 pro
886 569 1064 628 abversis
1089 574 1230 644 elinando,
1257 579 1307 632 sat

183 681 185 692 ·
237 662 241 668 '
331 668 360 710 et
385 659 414 710 in
439 637 649 723 praepositione
672 653 697 706 Β
719 653 829 712 litterae
857 653 991 717 absonam
1016 667 1044 714 et
1066 660 1157 726 ipsam
1183 660 1306 716 Ssubii·

317 738 437 802 ¹ciendo.
472 738 504 786 ln
526 753 577 804 quo
600 737 660 788 loco
688 739 781 790 mirum
805 757 881 808 quam
904 741 990 793 multis
1013 761 1040 794 se
1059 758 1110 810 rps1
1119 745 1305 812 implicuerunt
1331 791 1343 808 „‚

331 821 528 876 difficultatibus
550 823 717 904 interpretes.
751 825 803 875 Res
824 834 865 876 est
881 829 1028 896 perspicua.
1059 825 1129 882 Ab
1116 831 1192 897 enisis,
1209 829 1305 897 primi·

330 911 410 961 tivam
432 907 602 970 formam,
594 925 646 958 ram
672 920 772 960 veteres
800 911 904 962 mollire
926 922 1062 976 tentarunt
1084 883 1183 964 abiecta
1206 915 1302 976 littera,

330 994 447 1059 adeoque
472 991 665 1084 praepositioni
697 993 805 1046 'seorsim
832 997 970 1064 ponendae
994 1008 1069 1050 extra
1091 1000 1304 1067 compositionem

326 1076 485 1130 ad'dider'nnt
512 1064 543 1125 S
557 1077 673 1128 litteram
695 1081 833 1145 absonam,
859 1099 924 1150 quae
952 1100 1044 1150 parum
1064 1083 1177 1136 iuvabat.
1211 1084 1302 1134 Cicero

330 1167 403 1213 Orat
421 1158 617 1224 47,158.una
638 1168 811 1236 praepositio
829 1176 871 1219 est
886 1163 968 1230 abs,
984 1173 1054 1240 quae
1068 1188 1139 1221 nuno
1153 1177 1261 1220 tantum
1275 1170 1305 1220 in

328 1249 438 1317 accepti
456 1243 563 1299 tabulis
581 1258 688 1308 manet,
716 1259 745 1301 et
759 1247 854 1302 nabis
871 1248 982 1320 quidem
996 1254 1136 1306 omnium.-
1156 1253 1185 1305 in
1197 1251 1302 1323 reliquo

327 1353 380 1388 usu
392 1339 500 1382 matuta
514 1341 565 1386 est.
589 1331 665 1383 Num
681 1336 801 1386 ansani
808 1341 820 1384 t
838 1327 963 1396 dicimos,
981 1344 1010 1385 et
1025 1333 1165 1406 abegit,
1183 1348 1211 1391 et
1229 1336 1303 1389 ubs-

285 1415 287 1419 ’
327 1415 440 1475 tulit,
471 1425 504 1466 ut
528 1419 585 1469 iam
608 1419 730 1478 nescitis,
755 1415 798 1469 ab
818 1420 1032 1480 ueneramus,
1059 1417 1187 1475 anabs'.
1226 1421 1304 1496 Quid

326 1507 351 1557 si
376 1501 461 1558 etiarn
481 1497 644 1572 'abfugit
671 1508 752 1572 turpe
769 1506 939 1564 visuns‘es't,
963 1513 991 1557 et
1012 1501 1125 1574 abfer
1146 1501 1301 1564 noluerunt,
1382 1487 1407 1554 s

327 1582 439 1656 aufer
464 1583 642 1638 maluerunt?
671 1592 936 1660 qnaa'praepositio
954 1588 1149 1658 praetefbaeo
1171 1589 1226 1640 duo
1243 1608 1302 1642 oer-

326 1669 380 1732 ba,
406 1665 488 1722 nulla
513 1667 572 1725 aiio
590 1675 619 1725 in
633 1671 717 1724 barbo
732 1676 875 1740 repetituri
909 1675 950 1724 Ita
967 1673 1105 1740 legendum
1120 1675 1231 1738 videtur,
1254 1693 1304 1726 nee

296 1801 298 1811 ,
325 1755 472 1808 necessaria
495 1765 572 1819 sunt,
602 1767 671 1823 quael
685 1774 701 1806 a
716 1757 842 1808 Schiitzio
857 1757 1002 1808 adduntur:
1031 1779 1049 1810 a
1064 1778 1098 1812 ns
1109 1776 1202 1812 verum
1214 1761 1252 1812 sit
1265 1778 1303 1810 an
1359 1816 1363 1824 ¹
1406 1789 1407 1802 .

247 1903 250 1908 Ι
325 1839 370 1895 ab
387 1867 420 1880 -·
439 1833 556 1910 aufugit
573 1850 602 1892 et
619 1837 703 1907 aufer
722 1839 887 1894 maluerunt.
921 1845 978 1894 Nos
1000 1835 1150 1910 scripsimus
1167 1855 1195 1897 et
1211 1861 1245 1908 ns
1259 1843 1302 1896 bis

324 1925 449 1999 quidem,
476 1924 568 1991 copula
592 1933 620 1975 et
633 1925 750 1976 ·adieota.
779 1925 872 1976 (ticcio
896 1937 982 1977 autem
1003 1927 1183 1980 demonstrare
1206 1931 1299 1990 voluit,

306 2007 377 2063 abs
397 2023 451 2058 non
472 2008 550 2057 modo
574 2009 602 2057 in
619 2011 812 2076 compositione
828 2011 914 2059 locum
928 2009 1038 2074 habere,
1065 2014 1112 2063 sed
1127 2032 1230 2065 revera
1245 2031 1301 2066 esse

323 2091 561 2162 praepositionem:
586 2107 645 2140 nam
666 2107 748 2143 unam
766 2093 839 2141 dixit.
852 2109 901 2158 pro
917 2111 987 2158 vera,
1006 2097 1089 2161 qualis
1111 2113 1167 2146 esse
1184 2089 1297 2146 deberet.

322 2181 411 2241 Quare
436 2185 506 2226 errat
533 2177 698 2242 Schellerus,
733 2193 811 2244 quum
833 2175 952 2227 defendit
974 2177 1105 2244 antiquam
1129 2179 1283 2245 scripturam

322 2283 383 2314 una
392 2263 564 2331 praepositio
580 2271 622 2312 est
638 2257 691 2313 ab.
716 2286 751 2299 -
769 2258 975 2322 ·Quinctilianus
998 2265 1023 2324 1,
1038 2257 1063 2324 5,
1078 2251 1119 2313 69.
1136 2258 1299 2335 frequenter·

322 2358 417 2402 autem
435 2349 793 2417 praepositiones'quoque
818 2341 962 2414 copulatio
982 2345 1037 2398 isto
1054 2350 1221 2418 corrumpits
1234 2348 1298 2402 inda

264 2451 272 2476 ἰ
324 2430 506 2490 abstulit,
533 2425 711 2502 aufugit,
738 2432 883 2488 arrisit,
903 2447 985 2500 qnam
1003 2434 1179 2501 praepositio
1199 2432 1297 2486 sitab

321 2517 396 2570 sola.
430 2519 460 2565 In
476 2515 568 2582 quibus
584 2533 655 2578 non,
683 2523 713 2564 ut
729 2514 775 2563 alii
792 2523 898 2581 putant,
917 2511 951 2564 ad
967 2515 1101 2568 Ciceronis
1114 2517 1192 2570 verba
1209 2520 1295 2586 respi-

322 2603 361 2653 cit
383 2596 593 2666 Quinctilianuss
622 2593 669 2650 sed
693 2599 850 2667 primitivam
875 2599 941 2650 dicit
961 2585 1166 2669 praepositionis
1187 2604 1298 2666 formam¹

321 2703 378 2738 esse
400 2685 481 2752 solam
501 2683 547 2740 ab.
571 2713 607 2726 -
640 2685 730 2737 Velitis
743 2685 848 2750 Longus
871 2684 903 2734 de
924 2685 1101 2754 orthograph.
1124 2692 1150 2754 p'.
1164 2683 1240 2740 2924.
1255 2691 1294 2740 in·

321 2774 453 2841 cipiemus
474 2767 509 2820 ab
531 2767 598 2832 itta,
634 2787 717 2842 quant
743 2767 886 2821 Cicereia
911 2767 1030 2822 Oratore
1044 2775 1201 2826 annotavit.
1240 2772 1295 2848 Va·

322 2859 367 2908 ria
390 2855 463 2907 enirn
479 2855 683 2908 consuetudo
672 2873 702 2910 sn
720 2871 807 2926 aequo
823 2863 865 2905 est
883 2849 926 2911 ab
942 2863 969 2907 et
985 2875 1003 2908 a
1019 2867 1046 2910 et
1063 2855 1127 2910 abs
1144 2867 1173 2910 et
1186 2877 1244 2918 au,
1264 2845 1295 2909 at

323 2957 406 3013 quum
429 2939 545 2992 divinius
568 2961 666 3004 ame,
694 2937 793 2992 deinde
810 2935 853 2989 ab
872 2937 962 3000 illo,
991 2940 1090 2994 deinde
1114 2939 1292 3002 abstulit,

320 3023 420 3078 deinde
437 3021 586 3095 anseris
612 3024 687 3098 quod
699 3043 765 3076 sana
779 3012 889 3075 tantum
906 3025 934 3076 in
950 3021 1057 3078 duobus
1073 3023 1162 3079 verbis
1180 3045 1294 3096 usurpa·

313 3119 379 3166 vt'um
404 3120 459 3171 est,
483 3105 625 3178 aufert
643 3120 672 3162 et
691 3104 860 3179 aufugit.
893 3107 1001 3162 Adiicit
1020 3107 1064 3160 bis
1078 3113 1293 3180 praepositioni

319 3193 521 3255 inutilium,
547 3211 617 3265 quae
630 3191 756 3247 scribitur
770 3212 821 3264 per
836 3209 873 3245 ns
898 3191 1029 3253 litteram,
1048 3194 1099 3256 [ita
1116 3195 1184 3245 enim
1199 3195 1290 3260 legen—

320 3279 398 3342 dnm,-
427 3294 481 3330 non
501 3297 552 3350 per
573 3287 592 3331 is
616 3265 766 3344 litteram]‚
803 3297 887 3350 quam
907 3275 1080 3350 abantiquis
1095 3280 1225 3332 usitatam
1240 3282 1290 3340 ait,

319 3368 439 3418 mxime
460 3367 489 3418 in
511 3361 668 3418 rationibus
694 3373 722 3416 et
746 3366 775 3416 in
792 3365 898 3432 accepti
921 3359 1034 3415 tabulis.
1070 3361 1145 3414 Nam
1163 3365 1291 3441 quotiens

253 3468 254 3481 ¹
318 3442 480 3522 acceptam
478 3451 623 3519 pecuniam
639 3442 812 3516 referebant,¹
838 3465 895 3500 non
917 3443 1044 3500 ditabant
1057 3464 1075 3497 a
1089 3435 1209 3516 Longo,
1240 3445 1289 3504 sed

318 3534 369 3589 abs
384 3537 507 3606 Longa,
535 3534 583 3601 (ita
597 3532 748 3584 etiamhml
774 3533 939 3584 scribendum
950 3529 1016 3596 erat)
1031 3539 1060 3581 et
1073 3533 1116 3582 art
1128 3528 1291 3600 religionem

318 3621 390 3675 bane
418 3617 556 3675 scribendi
583 3616 661 3689 bptsd
691 3619 876 3688 paucissimos
904 3616 1067 3668 remansisse
1090 3614 1200 3668 saeculo
1229 3633 1288 3668 suo·

317 3703 459 3779 Antiquos
471 3707 570 3759 seimus
583 3715 610 3757 et
628 3699 694 3754 abs
712 3712 744 3754 te
762 3701 883 3754 dixisses
907 3717 959 3750 nos
973 3701 1097 3753 contenti
1111 3717 1205 3754 sumus
1223 3720 1242 3751 a
1256 3710 1288 3752 te

316 3795 415 3848 dicere.
452 3783 560 3843 Scimus
582 3791 659 3858 ipsos
675 3796 705 3838 et
722 3783 765 3838 ab
786 3785 881 3840 Lusi
890 3780 964 3834 llio
985 3781 1109 3836 dixisses
1127 3801 1177 3837 nos
1196 3779 1286 3833 obser·

314 3893 428 3937 namus,
452 3885 485 3944 ut
505 3881 694 3945 praeponatur
715 3868 759 3920 his
780 3863 952 3926 nominibus,
983 3885 1053 3938 quae
1074 3887 1093 3919 a
1109 3865 1202 3918 vocali
1220 3866 1286 3918 inei-

316 3965 415 4034 piunt‚
445 3970 475 4012 ut
499 3979 580 4032 quum
601 3950 776 4010 disimusab
802 3951 980 4025 Olympo.
1015 3949 1176 4006 Absumitur
1193 3960 1285 4002 autem

314 4047 383 4101 bueo
400 4061 419 4096 n
436 4042 540 4107 littera,
563 4045 690 4116 quotiens
706 4039 818 4092 nomina
835 4057 854 4089 a
871 4039 1036 4092 consonanti
1051 4039 1095 4088 inc
1106 4039 1229 4108 piantur,
1249 4047 1284 4098 pt

254 4193 256 4210 Ι
315 4127 519 4214 aliomnlo.
555 4131 589 4186 Si
611 4131 674 4202 quis
693 4126 964 4200 naquaquaesian,
989 4142 1145 4196 quaranon
1167 4119 1209 4176 ab
1231 4125 1281 4178 Iu·
