2834 4756
484 281 780 417 ‘nortorum
1098 350 1163 416 399
1192 305 1193 308 ‘
1227 432 1230 436 Ι

120 499 207 577 quae
232 502 301 553 non
325 496 455 552 tantam
479 509 497 558 a
522 487 658 552 consilio
687 498 725 557 et.
742 487 911 556 voluntate
933 495 1163 584 proficiscitur,

121 575 179 640 sed
197 585 229 646 et
245 574 493 662 ratiocinatione
517 577 729 660 supponitur.
778 576 815 642 ld
837 582 974 666 proprie
992 583 1030 647 fit
1045 585 1079 650 in
1090 587 1162 654 boc

121 682 184 724 usu
200 660 400 746 praesentis:
419 659 475 723 sed
493 661 643 723 accedere
658 668 768 746 potest
782 661 841 726 alia
858 685 984 748 caussa,
1012 692 1094 756 quae
1108 674 1163 738 in-

123 747 302 818 dicativum,
323 741 434 808 eccum
460 743 568 808 ducat.
621 747 729 830 ‘Atque
759 746 840 812 baec
871 749 995 837 duplex
1027 743 1093 838 est,
1130 771 1161 824 et

122 832 179 896 ubi
193 853 347 919 praesens
362 852 425 916 pro
441 831 567 892 aoristo
584 831 722 914 ponitur
734 831 776 912 vde
791 829 848 909 re,
883 856 964 922 quae
979 834 1050 904 fieri
1064 844 1162 926 solet,

123 928 180 980 aut
195 917 324 980 aliunde
339 938 400 1002 per
424 915 661 1002 experientiam
682 915 809 1000 cognita
836 929 901 998 est,
932 933 964 987 et
982 922 1035 990 ubi
1054 931 1160 994 oratio

121 1013 190 1066 tam
208 1011 294 1065 certa
311 1009 343 1064 et
360 999 465 1064 vivida
483 995 627 1080 exsistit,
653 1009 689 1063 ut
706 1021 788 1086 quae
806 1003 956 1070 nondum
973 1005 1161 1100 factasunt,
1223 1035 1226 1040 ’

121 1110 186 1174 pro
207 1083 300 1152 factis
318 1085 518 1172 accipiantur
534 1095 566 1150 et
583 1081 668 1149 inter
683 1108 717 1150 se
734 1093 979 1182 comparentur.

223 1203 347 1276 Exempla
360 1207 412 1260 iam
430 1220 508 1276 supra
524 1221 550 1275 p.
571 1195 633 1258 896.
649 1206 789 1279 attolimus.
825 1208 868 1260 stc
887 1210 966 1262 etiam
979 1215 1035 1272 Liv.
1055 1215 1099 1283 22,
1116 1217 1160 1286 50,
1266 1249 1269 1263 .

112 1322 118 1339 s
162 1355 164 1362 s
190 1293 216 1344 8.
232 1292 281 1346 sed
298 1303 379 1356 ante,
401 1311 482 1364 quum
501 1293 636 1360 opprimit
653 1289 713 1356 lux,
733 1296 893 1366 maioraque
910 1293 1031 1354 bostium
1048 1307 1162 1374 agmina

189 1377 336 1449 obsepiant
361 1378 428 1438 iter,
452 1395 502 1446 per
525 1373 594 1440 boe,
627 1379 675 1449 qui
698 1379 853 1434 inordinati
876 1391 960 1464 atqup
981 1387 1162 1456 incompositi

191 1460 353 1532 obstrepunt
376 1464 483 1530 portis,
513 1477 696 1532 erumpamus.
743 1469 811 1516 Ante
839 1464 1000 1518 Gronovium
1026 1470 1161 1540 legebatur

186 1557 336 1618 antequam
354 1546 499 1616 opprimat
516 1573 550 1586 -
567 1543 717 1618 obsepiant
736 1541 877 1618 quod‘nou
896 1547 1000 1608 fulsum.

118 1648 282 1735 Loquenti
304 1647 404 1734 igitur
432 1648 632 1734 pennissum
657 1661 722 1726 est,
755 1662 869 1716 utrum
891 1675 965 1717 rem
995 1653 1073 1720 velit
1103 1655 1161 1722 fu·
1219 1639 1220 1644 ἵ

117 1745 226 1798 turam
244 1755 281 1797 ac
297 1729 487 1819 possibilem
505 1733 658 1820 cogitare,
682 1755 818 1822 eamque
835 1749 1061 1826 superstruere
1075 1763 1160 1806 con-

119 1820 253 1899 ditioni,
280 1839 321 1882 an
335 1826 508 1882 certamet
525 1818 707 1884 absolutam
725 1836 862 1908 ponere.
885 1825 1017 1898 Cicero,
1037 1828 1092 1912 qui
1108 1829 1160 1892 di·
1253 1856 1255 1864 s

116 1905 168 1970 xit
190 1904 332 1991 Philipp.
359 1909 396 1984 1„
428 1909 457 1967 1.
492 1915 675 1992 autequam
698 1905 742 1970 cic
764 1907 938 1994 republica
965 1909 1081 1975 dicam
1106 1935 1160 1994 ea,

116 2013 204 2078 quac
231 1988 379 2053 dicenda
402 1989 465 2052 boc
493 1998 643 2074 tempore
670 1991 839 2074 arbitror,
878 2018 1046 2080 exponam
1070 1997 1160 2062 bobis

52 2147 54 2150 ¹
117 2081 184 2140 etc.=
208 2073 364 2161 loquutus
381 2085 428 2137 est
443 2076 487 2138 ita
506 2075 541 2137 in
562 2077 653 2140 Verr.
668 2081 707 2158 2,
731 2083 769 2158 1,
793 2085 825 2144 2.
848 2091 1034 2167 anthaam
1049 2081 1090 2148 dc
1105 2084 1161 2148 in-

115 2160 303 2236 commodis
326 2159 467 2223 Siciliae
490 2159 584 2241 dico,
599 2176 720 2260 'pauca
741 2163 828 2228 mibi
851 2164 1007 2232 uideatur
1029 2191 1100 2236 csse
1117 2169 1160 2236 de

111 2246 312 2336 provinciae
329 2244 504 2332 dignitate
518 2281 567 2310 -,
577 2244 738 2312 dicenda.

114 2341 330 2433 Praecedenle
353 2357 487 2445 futuro,
519 2361 666 2453 sequitur
687 2387 841 2454 praesens
865 2363 1078 2438 coniunctivi.
1120 2369 1160 2438 Id
1263 2395 1267 2420 ¹

116 2474 192 2543 qno.
203 2448 398 2542 modo‘fiat,
427 2451 463 2514 in
479 2453 693 2538 grammatica
709 2454 900 2542 exponitur.
1208 2457 1218 2466 “

233 2568 445 2635 cinnameo,
466 2571 490 2622 1.
516 2590 664 2644 numquam
689 2577 742 2628 cris
767 2573 861 2636 dictes,
888 2566 1038 2649 antiquam
1054 2561 1110 2633 tibi
1125 2595 1160 2633 ex

185 2658 242 2710 tuis
264 2653 485 2725 possessionibus
512 2665 619 2708 tantum
645 2657 804 2727 reficiatur,
838 2667 869 2713 ut
895 2679 928 2716 co
956 2666 1027 2717 tucri
1047 2676 1096 2717 tex
1122 2663 1160 2719 le·

183 2744 282 2812 gisnes
299 2765 332 2781 ·-
352 2742 456 2809 possis.
492 2741 586 2808 Virgil.
604 2743 660 2797 Ecl.
680 2747 705 2804 1,
722 2743 766 2796 60.
783 2755 849 2798 ante
870 2743 944 2798 leves
962 2763 1027 2816 ergo
1045 2765 1159 2818 parcen·-

184 2835 229 2878 tur
247 2825 276 2878 in
294 2823 403 2890 aetbsre
422 2823 510 2887 cerui,
527 2849 564 2875 -ι
580 2844 663 2898 quam
682 2837 776 2881 nomo
805 2827 885 2884 illiue
907 2825 1023 2886 ¹labatur
1047 2842 1161 2901 pectore

180 2908 286 2964 vultus.

226 3009 369 3063 Doclekius
386 3012 416 3063 in
434 3013 548 3064 Gramm.
565 3009 689 3064 scholast.
706 3029 733 3080 p.
749 3009 791 3062 68.
806 3013 1058 3079 regutansconfectt
1074 3013 1158 3070 banci

182 3095 212 3147 iu
230 3098 372 3165 'praesenti
402 3108 550 3168 antequam
573 3115 660 3149 secam
693 3095 803 3164 habere⁴
819 3098 1026 3160 coniunctium,
1043 3089 1158 3170 'quando

185 3199 272 3234 sermo
293 3184 328 3234 sit
345 3180 378 3233 de
397 3201 427 3234 re
445 3190 585 3254 consuetu,
612 3193 639 3234 et
655 3182 766 3250 quando
782 3181 882 3250 aliquid
901 3201 955 3234 noa
972 3201 1003 3235 re
1022 3171 1083 3237 vera
1101 3187 1159 3239 fieri

184 3265 296 3318 dicaam.
338 3266 407 3316 Illud
434 3267 528 3318 falsum
554 3283 611 3318 esse
636 3273 664 3317 et
690 3267 758 3318 ratio
779 3277 806 3318 et
828 3269 946 3338 exempla
963 3268 1157 3325 demonstrant:

183 3351 235 3404 boc
252 3353 286 3404 ad
304 3352 498 3418 coemtionem,
523 3350 556 3404 de
576 3367 626 3420 qua
643 3350 714 3414 disi,
729 3348 858 3422 pertinet.
1044 3342 1047 3352 ¹

111 3473 152 3540 Iu
178 3473 360 3562 praeteritis
393 3481 532 3562 utraque
561 3474 646 3538 ratio
673 3473 768 3556 ualet.
818 3472 904 3538 Nam
933 3482 989 3538 aut
1016 3497 1069 3543 res
1101 3473 1157 3540 fa-

113 3571 164 3624 cta
182 3570 392 3646 comparatur
417 3581 492 3624 cum
510 3581 546 3624 rc
562 3569 639 3646 post
660 3558 766 3641 facta,
794 3570 946 3646 certaque
967 3559 1048 3637 baec
1070 3564 1155 3628 ratio

113 3646 310 3732 exprimitur
324 3643 501 3710 indicativo
517 3643 675 3733 perfecti,
694 3656 815 3710 autres
832 3645 918 3710 facta
940 3649 1157 3746 corpponitur

114 3751 190 3794 cum
214 3731 275 3794 alia
299 3731 470 3794 etiamtum
493 3731 713 3818 exspectanda
739 3739 771 3794 et
785 3731 947 3817 temporie
966 3731 1157 3816 conditione

112 3815 329 3897 cohaerente,
352 3814 468 3901 idque,
492 3838 595 3902 quum
614 3815 793 3882 intercedat
816 3816 990 3902 cogitatio,
1012 3839 1074 3904 per
1089 3820 1157 3883 im·
1186 3865 1194 3870 -

102 3899 251 3990 perfecti
274 3911 306 3965 et
328 3899 501 3988 plusquam
528 3899 648 3966 erfecit
670 3903 915 3966 coniunctivum
945 3901 1155 3990 significatur.

110 3990 218 4072 Atque
233 3988 267 4052 in
285 3985 487 4084 hisquoque
501 3925 643 4050 liberum
667 3998 717 4052 est
732 3987 946 4076 scriptoribus
959 4010 1155 4054 concessum

111 4072 295 4139 arbitrium.
340 4070 404 4134 Sed
428 4094 463 4135 m
489 4071 693 4148 narratione,
733 4071 993 4160 quoquomodo
1018 4097 1156 4138 resec-⁴

109 4157 268 4224 haereant
280 4157 479 4246 exponitur,
505 4159 708 4242 necessarie,
737 4157 801 4224 nisi
819 4158 1015 4246 negligentia
1028 4169 1155 4253 peccat,
