2866 4754
162 282 177 365 ,“
230 295 322 364 'ooo

592 313 598 326 ·
698 295 855 372 ΑΝΤΕΑ.

295 482 299 492 ·
367 449 423 507 cic.
438 447 556 508 eonem.
577 451 592 506 1
603 455 611 520 ,'
624 453 642 506 9
649 491 658 518 ,
673 452 716 506 74.
737 407 850 526 Appius
871 454 900 508 in
924 446 1095 506 sermonibus
1117 438 1305 514 antei'dicti-

256 573 262 595 2
328 533 430 592 tabat:
445 549 547 611 postea
562 538 634 594 dizit
651 541 737 593 etiam
751 543 780 596 in
795 548 901 594 senatu.
937 542 1009 591 Oret.
1027 537 1053 597 2,
1071 534 1097 594 Ι6.
1114 547 1142 591 et
1159 531 1306 606 clarifue-

231 673 233 680 .
329 635 414 698 runt,
442 634 470 677 et
485 635 568 676 antea
581 620 718 694 fuerant,
736 643 785 678 nec
800 635 901 696 postea
914 617 1083 692 defecerunt.
1119 624 1227 674 streton.
1243 624 1307 676 Do-

272 705 274 708 ’
329 707 386 759 mit.
409 707 436 759 2.
467 709 593 779 poeticae
620 710 743 762 studium
766 720 825 762 tam
847 713 983 764 insuetum
1010 716 1093 760 antea
1118 703 1189 770 sibi,
1220 725 1307 776 quam

271 802 274 806 '
329 804 430 861 postea
446 804 568 865 spretum
583 805 612 848 et
624 791 769 848 abiectum.
786 795 841 847 Cic.
858 795 892 845 ed
910 797 964 844 Att.
986 792 1011 856 1,
1030 791 1071 843 11.
1087 801 1118 844 et
1133 810 1195 842 mea
1205 803 1308 860 sponte

324 871 470 944 faciebam
492 890 590 944 antea,
613 889 641 932 et
658 891 726 950 post
741 878 851 952 duabus
867 877 997 950 epistolis
1019 879 1075 929 tais
1089 903 1122 955 s-
1138 869 1309 946 magnopere

329 975 391 1012 sum
405 956 564 1015 commotus·
598 963 631 1029 4,
648 964 674 1018 3.
699 970 800 1018 etenim
819 976 920 1026 antea,
938 982 1019 1033 quum
1033 959 1166 1015 iudicium
1180 959 1309 1025 nolebat,

331 1041 453 1100 lsabebat
474 1047 524 1102 ille
549 1049 659 1119 quidem
682 1043 831 1121 difficilem
853 1043 1086 1120 manifestumque
1108 1065 1233 1101 caussam
1252 1066 1310 1100 -.·

331 1142 400 1198 post
416 1129 467 1185 leus
482 1136 577 1187 ruinas
596 1146 647 1187 etc.
674 1135 707 1188 dc
725 1135 776 1188 off.
790 1135 822 1202 2,
839 1133 873 1200 8,
890 1133 934 1186 27.
957 1137 1057 1186 sensim
1070 1131 1141 1186 hanc
1164 1143 1310 1188 consuetu·

331 1211 424 1269 dinem
440 1228 468 1271 et
482 1218 663 1290 disciplinam
684 1223 741 1275 iam
758 1229 843 1274 antea
860 1215 1064 1282 minuebamus,
1081 1225 1149 1288 post
1161 1236 1226 1272 vcro
1244 1218 1310 1274 Sul·

282 1325 284 1340 a
330 1295 378 1352 lae
391 1305 537 1356 victoriam
549 1308 665 1374 penitus
689 1306 841 1377 amisimus.
875 1303 910 1354 nd
927 1306 981 1357 Ast.
998 1301 1032 1369 7,
1051 1301 1077 1356 3.
1095 1321 1151 1356 non
1168 1302 1311 1357 accusabi-

332 1402 394 1437 mur
411 1389 547 1457 posthac.-
573 1407 660 1461 neque
675 1388 785 1445 hercule
797 1397 881 1443 antea
895 1387 1067 1460 negligentes
1077 1383 1198 1458 fuimus.
1235 1390 1311 1441 Gurt.

331 1466 417 1536 823,
437 1473 478 1525 10.
502 1473 651 1530 terribilem
671 1469 757 1529 antea
777 1493 884 1546 regem,
902 1501 937 1517 ·-
954 1485 1139 1544 posteaquam
1157 1472 1312 1530 adventare

332 1571 363 1607 se
373 1561 505 1625 senserit,
536 1572 646 1615 cautum
655 1579 712 1633 ,pro
727 1562 872 1616 temerario
885 1553 1001 1630 factum
1015 1556 1160 1612 delituisse
1175 1569 1225 1612 etc.

380 1661 434 1713 Cic.
451 1682 478 1732 p.
496 1664 554 1716 Mil.
571 1666 621 1733 21,
639 1663 683 1720 55.
700 1683 807 1736 semper
821 1661 871 1718 ille
884 1672 969 1716 antea
984 1679 1044 1714 cum
1058 1679 1159 1726 usare,
1178 1672 1236 1714 tum
1251 1666 1313 1719 sine

330 1763 375 1798 ea.
407 1748 465 1800 Liv.
488 1749 542 1816 28,
567 1750 616 1816 19,
645 1750 686 1804 15.
714 1752 762 1823 qui
787 1745 896 1803 nullam
913 1758 998 1801 antea
1016 1751 1175 1834 pactionem
1198 1749 1312 1804 auribus
1401 1805 1402 1816 ,

333 1830 503 1899 admiserat,
535 1847 592 1890 tum
609 1837 719 1892 demum
737 1837 787 1907 agi
805 1851 896 1888 secum
915 1842 958 1886 est
973 1849 1074 1903 passus
1094 1830 1130 1885 de
1143 1829 1313 1889 redemtione
1401 1823 1402 1830 ἵ

263 1913 271 1938 l
335 1913 484 1972 liberarum
502 1925 633 1992 capitum.
668 1923 725 1976 Lir.
742 1921 793 1994 29,
809 1919 845 1984 9,
859 1917 903 1974 19.
923 1927 1033 1988 atquae
1050 1927 1134 1972 antea
1151 1937 1203 1990 per
1217 1918 1312 1975 libidi-

334 2020 398 2055 nem
413 2015 441 2057 et
453 2005 604 2062 abaritiam
612 2004 708 2077 foeda
732 2003 861 2076 exempla
877 2008 906 2060 in
921 2007 1013 2058 socios
1029 2001 1172 2067 ediderat,
1194 2016 1260 2058 tunc
1276 2003 1311 2060 ab

332 2087 374 2140 ira
391 2086 562 2162 neultiplicia
576 2093 664 2148 edere.

339 2189 381 2261 ι4.
411 2189 459 2256 lio
476 2194 575 2260 otiam
591 2206 810 2285 opponuntur
823 2192 1140 2278 nominatemporis
1154 2215 1313 2279 praesen·

265 2266 308 2336 tie
325 2275 356 2338 et
371 2279 530 2363 proximi.
572 2282 687 2370 Neque
710 2304 797 2349 vero.
809 2301 940 2368 semper
956 2277 1148 2364 intelligitur
1170 2288 1312 2368 tempus,
1356 2345 1358 2352 .

268 2360 359 2444 quod
377 2362 416 2425 ud
434 2387 701 2454 praesensusque
716 2365 911 2456 pertinebat,
932 2364 989 2428 sed
1004 2365 1235 2452 quodcumque
1252 2389 1313 2428 un·
1402 2372 1403 2430 J

194 2517 199 2524 ι
265 2445 418 2510 t'ecedens
442 2473 512 2516 non
540 2451 722 2518 definitum.
746 2521 751 2536 .
779 2453 962 2522 Nectuntur
989 2449 1051 2516 hae
1075 2459 1184 2537 Ρίῑῐῖθθ
1215 2453 1312 2539 έθθΡθ
1402 2465 1403 2512 ³

267 2550 330 2616 per
342 2543 376 2595 et
395 2547 500 2617 -et,
522 2551 777 2626 quum-tum.

373 2647 428 2706 cii.
441 2673 468 2725 p.
484 2659 549 2728 Leg.
565 2662 636 2712 Mun.
652 2657 686 2727 5,
704 2659 746 2713 13.
766 2657 837 2711 bunc
851 2653 1004 2712 audiebant
1022 2665 1123 2720 antea,
1145 2673 1219 2707 nunc
1232 2671 1312 2722 prae·
1402 2685 1403 2710 l

288 2777 290 2782 .
336 2748 442 2792 sentem
455 2741 551 2798 uident
568 2755 649 2797 tanta
666 2745 861 2834 temperantia·
865 2755 916 2797 eta.
952 2734 1312 2811 udFam.9,16,17.fa·
1402 2721 1403 2816 J

284 2878 290 2892 ,
336 2823 445 2880 cilitate
459 2847 520 2882 mea
534 2832 590 2884 ista
603 2825 771 2900 ferebantur
784 2841 883 2894 antea,
903 2845 973 2882 nunc
989 2837 1152 2912 maturares
1166 2833 1219 2879 est.

369 2929 426 2983 Liv.
440 2929 477 2999 5,
496 2932 544 2998 17,
559 2933 585 2986 7.
601 2945 685 2988 antea
697 2952 727 2988 se
744 2933 775 2988 id
792 2930 954 2988 Veientibus
969 2947 1101 3004 negasse,
1118 2953 1155 2968 ·-
1170 2947 1241 2980 nunc
1258 2931 1313 2983 iam

263 3051 269 3058 -
333 3030 387 3084 pro
406 3033 436 3070 se
451 3014 604 3087 fortunam
629 3037 706 3072 suam
729 3019 789 3073 illis
813 3037 923 3091 negare·
957 3015 992 3079 5,
1010 3017 1043 3078 2,
1068 3014 1111 3066 10.
1136 3024 1221 3066 antea
1239 3015 1313 3066 trina

312 3097 401 3178 sloca
420 3121 481 3156 cum
492 3107 673 3178 contentione
692 3123 805 3171 summa⁴
822 3103 957 3174 patricios
974 3099 1085 3171 explere
1107 3098 1227 3154 solitoes
1240 3117 1313 3152 nunc

335 3184 394 3237 iam
406 3189 549 3259 octoiuges
556 3187 595 3242 ad
603 3191 720 3257 imperia
728 3188 881 3244 obtinenda
889 3191 937 3241 ire.
971 3184 1013 3251 13,
1024 3180 1066 3258 41,
1075 3183 1101 3236 3.
1120 3183 1220 3236 Gia'in
1235 3184 1310 3237 verr.
1402 3215 1403 3230 .

336 3266 370 3332 8,
388 3267 440 3337 57,
459 3273 517 3326 130.
538 3293 595 3327 non
608 3272 660 3328 boc
673 3294 744 3330 nunc
760 3279 881 3348 primum
895 3270 976 3326 audit
990 3273 1118 3342 priuatus
1136 3267 1172 3323 de
1190 3269 1310 3331 inimico,

334 3375 398 3410 reus
418 3357 455 3411 ab
480 3371 648 3414 accusatore.
694 3361 755 3415 lam
782 3369 865 3415 antea
889 3362 919 3415 in
939 3355 1012 3412 sella
1032 3355 1130 3443 sedens
1147 3364 1263 3425 praetor
1280 3377 1314 3395 -

337 3441 441 3496 millies
461 3442 580 3506 audivit.

258 3609 266 3619 „
374 3545 428 3599 Cic.
444 3547 510 3600 Phil.
529 3547 578 3612 10,
598 3544 631 3613 6,
651 3548 692 3602 13.
708 3551 799 3620 quiet
818 3558 901 3602 antea
921 3550 979 3602 iure
995 3543 1128 3600 laudatus
1145 3563 1162 3597 a
1179 3541 1269 3608 nobis,
1286 3547 1313 3593 et

335 3626 529 3708 boontempore
544 3637 640 3688 merito
657 3632 878 3688 laudandusest.
913 3632 946 3683 ud
964 3632 1036 3682 Fam.
1053 3629 1149 3694 6,21,
1168 3629 1194 3680 1.
1228 3622 1312 3692 4,15,

336 3711 363 3771 ³.
398 3715 500 3784 11,8,
515 3719 541 3772 2.
577 3719 627 3784 12,
644 3717 695 3784 30,
713 3715 824 3776 &nam
846 3735 929 3789 qurum
948 3727 1033 3770 antea
1053 3711 1206 3770 distinebar
1227 3711 1312 3764 maxi·

338 3798 392 3851 mis
409 3802 641 3873 aceupatioaibue
655 3825 710 3859 -.·
735 3801 862 3857 tambac
878 3812 1003 3874 tempore
1015 3798 1103 3854 multo
1121 3799 1256 3882 distineor
1269 3813 1311 3848 oe·

337 3882 502 3944 leementius.
1143 3883 1152 3906 '

372 3989 632 4059 Gic.udFam.18,
653 3989 696 4046 17.
728 3989 822 4046 Patris
846 4010 930 4066 quum
955 3988 1106 4062 aliquoties
1129 3997 1228 4052 antea,
1255 3993 1312 4034 tum

337 4077 467 4146 proxime
490 4075 543 4131 lucc
568 4081 721 4133 miserrimo
747 4075 823 4131 bello
856 4077 955 4132 domus
971 4079 1029 4130 eius
1047 4083 1110 4127 tota
1127 4069 1195 4128 mibi
1212 4065 1311 4142 patuit·

254 4163 256 4169 '
338 4159 373 4214 do
391 4160 443 4216 Off·
461 4162 489 4230 2,
506 4161 534 4232 7,
553 4161 597 4218 28.
617 4167 643 4222 ei
658 4175 742 4222 antea
754 4159 821 4237 fuit
837 4166 979 4247 ignotum,
999 4177 1086 4233 nuper
1104 4168 1148 4216 est
1164 4157 1311 4231 cognitum·
