<?xml version="1.0" encoding="UTF-8"?>
<!DOCTYPE html PUBLIC "-//W3C//DTD XHTML 1.0 Transitional//EN"
    "http://www.w3.org/TR/xhtml1/DTD/xhtml1-transitional.dtd">
<html xmlns="http://www.w3.org/1999/xhtml" xml:lang="en" lang="en">
 <head>
  <title>
</title>
<meta http-equiv="Content-Type" content="text/html;charset=utf-8" />
  <meta name='ocr-system' content='tesseract 3.04.00' />
  <meta name='ocr-capabilities' content='ocr_page ocr_carea ocr_par ocr_line ocrx_word'/>
</head>
<body>
  <div class='ocr_page' id='page_1' title='image "./ferdinandihandi01handgoog_0393.png"; bbox 0 0 2866 4754; ppageno 0'>
   <div class='ocr_carea' id='block_1_1' title="bbox 163 282 940 404">
    <p class='ocr_par' dir='ltr' id='par_1_1' title="bbox 163 282 940 404">
     <span class='ocr_line' id='line_1_1' title="bbox 163 282 940 404; baseline -0.009 0"><span class='ocrx_word' id='word_1_1' title='bbox 163 311 166 322; x_wconf 53' lang='lat'><em>⁴</em></span> <span class='ocrx_word' id='word_1_2' title='bbox 269 342 332 404; x_wconf 82' lang='lat' dir='ltr'><strong>aro</strong></span> <span class='ocrx_word' id='word_1_3' title='bbox 484 385 486 395; x_wconf 82' lang='grc'>,</span> <span class='ocrx_word' id='word_1_4' title='bbox 729 329 860 397; x_wconf 75' lang='lat' dir='ltr'><strong>auru.</strong></span> <span class='ocrx_word' id='word_1_5' title='bbox 938 282 940 296; x_wconf 33' lang='grc' dir='ltr'>Ι</span> 
     </span>
    </p>
   </div>
   <div class='ocr_carea' id='block_1_2' title="bbox 167 440 1408 4252">
    <p class='ocr_par' dir='ltr' id='par_1_2' title="bbox 167 440 1408 4252">
     <span class='ocr_line' id='line_1_2' title="bbox 254 440 1260 482; baseline -0.001 -7"><span class='ocrx_word' id='word_1_6' title='bbox 254 473 258 482; x_wconf 75' lang='grc'>,</span> <span class='ocrx_word' id='word_1_7' title='bbox 299 469 303 475; x_wconf 92' lang='grc'>.</span> <span class='ocrx_word' id='word_1_8' title='bbox 436 440 440 475; x_wconf 80' lang='lat' dir='ltr'><strong>i</strong></span> <span class='ocrx_word' id='word_1_9' title='bbox 1140 459 1142 472; x_wconf 89' lang='lat'><em>.</em></span> <span class='ocrx_word' id='word_1_10' title='bbox 1179 443 1184 462; x_wconf 67' lang='grc' dir='ltr'>ν</span> <span class='ocrx_word' id='word_1_11' title='bbox 1253 457 1260 474; x_wconf 65' lang='grc'><em>,</em></span> 
     </span>
     <span class='ocr_line' id='line_1_3' title="bbox 330 483 1315 574; baseline -0.005 -17"><span class='ocrx_word' id='word_1_12' title='bbox 330 531 334 545; x_wconf 60' lang='grc' dir='ltr'><strong><em>ι</em></strong></span> <span class='ocrx_word' id='word_1_13' title='bbox 352 497 385 558; x_wconf 83' lang='grc'><strong>7.</strong></span> <span class='ocrx_word' id='word_1_14' title='bbox 428 491 479 556; x_wconf 87' lang='lat' dir='ltr'><strong>De</strong></span> <span class='ocrx_word' id='word_1_15' title='bbox 499 487 537 554; x_wconf 80' lang='lat' dir='ltr'><strong>&#39;re</strong></span> <span class='ocrx_word' id='word_1_16' title='bbox 558 495 722 552; x_wconf 86' lang='lat' dir='ltr'><strong>anteacta</strong></span> <span class='ocrx_word' id='word_1_17' title='bbox 746 486 799 552; x_wconf 87' lang='lat' dir='ltr'><strong>vel</strong></span> <span class='ocrx_word' id='word_1_18' title='bbox 821 494 897 550; x_wconf 89' lang='lat' dir='ltr'><strong>ante</strong></span> <span class='ocrx_word' id='word_1_19' title='bbox 921 485 1046 569; x_wconf 87' lang='lat' dir='ltr'><strong>agenda</strong></span> <span class='ocrx_word' id='word_1_20' title='bbox 1070 483 1196 574; x_wconf 77' lang='lat' dir='ltr'><strong>duplici</strong></span> <span class='ocrx_word' id='word_1_21' title='bbox 1210 486 1315 556; x_wconf 87' lang='lat' dir='ltr'><strong>modo</strong></span> 
     </span>
     <span class='ocr_line' id='line_1_4' title="bbox 208 571 1316 666; baseline -0.005 -22"><span class='ocrx_word' id='word_1_22' title='bbox 208 624 210 634; x_wconf 39' lang='grc' dir='ltr'><em>ι</em></span> <span class='ocrx_word' id='word_1_23' title='bbox 270 579 451 666; x_wconf 89' lang='lat' dir='ltr'><strong>loquimur.</strong></span> <span class='ocrx_word' id='word_1_24' title='bbox 484 573 596 637; x_wconf 91' lang='lat' dir='ltr'><strong>Primo</strong></span> <span class='ocrx_word' id='word_1_25' title='bbox 612 572 723 657; x_wconf 91' lang='lat' dir='ltr'><strong>ipsum</strong></span> <span class='ocrx_word' id='word_1_26' title='bbox 741 571 1112 657; x_wconf 84' lang='lat' dir='ltr'><strong>tempusautepositmn</strong></span> <span class='ocrx_word' id='word_1_27' title='bbox 1127 582 1316 660; x_wconf 78' lang='lat' dir='ltr'><strong>spectamus</strong></span> 
     </span>
     <span class='ocr_line' id='line_1_5' title="bbox 270 657 1316 754; baseline -0.007 -24"><span class='ocrx_word' id='word_1_28' title='bbox 270 665 338 730; x_wconf 72' lang='lat' dir='ltr'><strong>sire</strong></span> <span class='ocrx_word' id='word_1_29' title='bbox 352 687 414 754; x_wconf 91' lang='lat' dir='ltr'><strong>per</strong></span> <span class='ocrx_word' id='word_1_30' title='bbox 428 684 463 726; x_wconf 90' lang='lat' dir='ltr'><strong>se</strong></span> <span class='ocrx_word' id='word_1_31' title='bbox 483 658 766 738; x_wconf 86' lang='lat' dir='ltr'><strong>constituendum,</strong></span> <span class='ocrx_word' id='word_1_32' title='bbox 790 657 858 721; x_wconf 84' lang='lat' dir='ltr'><strong>sive</strong></span> <span class='ocrx_word' id='word_1_33' title='bbox 879 679 920 720; x_wconf 89' lang='lat' dir='ltr'><strong>ex</strong></span> <span class='ocrx_word' id='word_1_34' title='bbox 937 678 994 733; x_wconf 88' lang='lat' dir='ltr'><strong>oo,</strong></span> <span class='ocrx_word' id='word_1_35' title='bbox 1025 657 1120 744; x_wconf 87' lang='lat' dir='ltr'><strong>quod</strong></span> <span class='ocrx_word' id='word_1_36' title='bbox 1137 679 1201 722; x_wconf 88' lang='lat' dir='ltr'><strong>nos</strong></span> <span class='ocrx_word' id='word_1_37' title='bbox 1219 669 1316 724; x_wconf 91' lang='lat' dir='ltr'><strong>teue-</strong></span> 
     </span>
     <span class='ocr_line' id='line_1_6' title="bbox 255 740 1317 834; baseline -0.002 -22"><span class='ocrx_word' id='word_1_38' title='bbox 255 743 357 832; x_wconf 66' lang='lat' dir='ltr'><strong>i&#39;rnns,</strong></span> <span class='ocrx_word' id='word_1_39' title='bbox 379 743 537 834; x_wconf 87' lang='lat' dir='ltr'><strong>temp&#39;oris</strong></span> <span class='ocrx_word' id='word_1_40' title='bbox 554 740 678 832; x_wconf 81' lang='lat' dir='ltr'><strong>punc&#39;to</strong></span> <span class='ocrx_word' id='word_1_41' title='bbox 696 741 974 806; x_wconf 86' lang='lat' dir='ltr'><strong>commetiendum</strong></span> <span class='ocrx_word' id='word_1_42' title='bbox 990 743 1044 822; x_wconf 89' lang='lat' dir='ltr'><strong>ita,</strong></span> <span class='ocrx_word' id='word_1_43' title='bbox 1065 752 1191 807; x_wconf 88' lang='lat' dir='ltr'><strong>utrem</strong></span> <span class='ocrx_word' id='word_1_44' title='bbox 1208 753 1317 810; x_wconf 87' lang='lat' dir='ltr'><strong>actam</strong></span> 
     </span>
     <span class='ocr_line' id='line_1_7' title="bbox 273 827 1316 915; baseline -0.009 -12"><span class='ocrx_word' id='word_1_45' title='bbox 273 838 313 902; x_wconf 91' lang='lat' dir='ltr'><strong>ad</strong></span> <span class='ocrx_word' id='word_1_46' title='bbox 328 835 408 900; x_wconf 92' lang='lat' dir='ltr'><strong>illud</strong></span> <span class='ocrx_word' id='word_1_47' title='bbox 424 843 567 915; x_wconf 86' lang='lat' dir='ltr'><strong>tempus,</strong></span> <span class='ocrx_word' id='word_1_48' title='bbox 584 849 650 890; x_wconf 90' lang='lat' dir='ltr'><strong>una</strong></span> <span class='ocrx_word' id='word_1_49' title='bbox 663 828 802 891; x_wconf 89' lang='lat' dir='ltr'><strong>notione</strong></span> <span class='ocrx_word' id='word_1_50' title='bbox 825 827 1114 914; x_wconf 82' lang='lat' dir='ltr'><strong>comprehensum,</strong></span> <span class='ocrx_word' id='word_1_51' title='bbox 1132 827 1316 894; x_wconf 85' lang='lat' dir='ltr'><strong>transfera-</strong></span> 
     </span>
     <span class='ocr_line' id='line_1_8' title="bbox 271 913 1316 1004; baseline -0.005 -19"><span class='ocrx_word' id='word_1_52' title='bbox 271 939 360 995; x_wconf 89' lang='lat' dir='ltr'><strong>mus,</strong></span> <span class='ocrx_word' id='word_1_53' title='bbox 387 929 419 982; x_wconf 91' lang='lat' dir='ltr'><strong>et</strong></span> <span class='ocrx_word' id='word_1_54' title='bbox 433 917 543 1004; x_wconf 91' lang='lat' dir='ltr'><strong>ipsum</strong></span> <span class='ocrx_word' id='word_1_55' title='bbox 561 923 692 999; x_wconf 85' lang='lat' dir='ltr'><strong>tempus</strong></span> <span class='ocrx_word' id='word_1_56' title='bbox 708 923 877 1000; x_wconf 78' lang='lat' dir='ltr'><strong>tamquam</strong></span> <span class='ocrx_word' id='word_1_57' title='bbox 899 935 971 977; x_wconf 89' lang='lat' dir='ltr'><strong>rem</strong></span> <span class='ocrx_word' id='word_1_58' title='bbox 993 913 1213 1000; x_wconf 80' lang='lat' dir='ltr'><strong>antepositam</strong></span> <span class='ocrx_word' id='word_1_59' title='bbox 1230 937 1316 980; x_wconf 89' lang='lat' dir='ltr'><strong>oon-</strong></span> 
     </span>
     <span class='ocr_line' id='line_1_9' title="bbox 201 997 1314 1083; baseline -0.005 -12"><span class='ocrx_word' id='word_1_60' title='bbox 201 1077 204 1082; x_wconf 50' lang='lat'><strong>,</strong></span> <span class='ocrx_word' id='word_1_61' title='bbox 273 1009 462 1072; x_wconf 78' lang='lat' dir='ltr'><strong>sideramus.</strong></span> <span class='ocrx_word' id='word_1_62' title='bbox 506 1000 592 1063; x_wconf 90' lang='lat' dir='ltr'><strong>Nam</strong></span> <span class='ocrx_word' id='word_1_63' title='bbox 610 1019 713 1083; x_wconf 93' lang='lat' dir='ltr'><strong>quum</strong></span> <span class='ocrx_word' id='word_1_64' title='bbox 729 997 868 1062; x_wconf 86' lang='lat' dir='ltr'><strong>dicimus</strong></span> <span class='ocrx_word' id='word_1_65' title='bbox 884 1009 964 1062; x_wconf 84' lang='lat' dir='ltr'><strong>ante</strong></span> <span class='ocrx_word' id='word_1_66' title='bbox 979 998 1098 1074; x_wconf 69' lang='lat' dir='ltr'><strong>liccem,</strong></span> <span class='ocrx_word' id='word_1_67' title='bbox 1120 1011 1201 1064; x_wconf 83' lang='lat' dir='ltr'><strong>ante</strong></span> <span class='ocrx_word' id='word_1_68' title='bbox 1215 997 1314 1065; x_wconf 82' lang='lat' dir='ltr'><strong>bien-</strong></span> 
     </span>
     <span class='ocr_line' id='line_1_10' title="bbox 271 1081 1316 1172; baseline -0.004 -17"><span class='ocrx_word' id='word_1_69' title='bbox 271 1085 384 1172; x_wconf 81' lang='lat' dir='ltr'><strong>nium,</strong></span> <span class='ocrx_word' id='word_1_70' title='bbox 414 1098 494 1154; x_wconf 73' lang='lat' dir='ltr'><strong>atate</strong></span> <span class='ocrx_word' id='word_1_71' title='bbox 518 1083 634 1148; x_wconf 81' lang='lat' dir='ltr'><strong>decem</strong></span> <span class='ocrx_word' id='word_1_72' title='bbox 658 1103 784 1166; x_wconf 78' lang='lat' dir='ltr'><strong>annos,</strong></span> <span class='ocrx_word' id='word_1_73' title='bbox 808 1081 1020 1170; x_wconf 83' lang='lat' dir='ltr'><strong>intelligimus</strong></span> <span class='ocrx_word' id='word_1_74' title='bbox 1042 1095 1175 1170; x_wconf 90' lang='lat' dir='ltr'><strong>tempus</strong></span> <span class='ocrx_word' id='word_1_75' title='bbox 1202 1086 1316 1172; x_wconf 88' lang='lat' dir='ltr'><strong>ipsum</strong></span> 
     </span>
     <span class='ocr_line' id='line_1_11' title="bbox 188 1169 1315 1254; baseline -0.004 -12"><span class='ocrx_word' id='word_1_76' title='bbox 188 1189 193 1196; x_wconf 86' lang='lat'>&#39;</span> <span class='ocrx_word' id='word_1_77' title='bbox 272 1187 347 1242; x_wconf 87' lang='lat' dir='ltr'><strong>ante</strong></span> <span class='ocrx_word' id='word_1_78' title='bbox 365 1171 657 1251; x_wconf 66' lang='lat' dir='ltr'><strong>exertissimam,</strong></span> <span class='ocrx_word' id='word_1_79' title='bbox 686 1180 860 1254; x_wconf 89' lang='lat' dir='ltr'><strong>antequam</strong></span> <span class='ocrx_word' id='word_1_80' title='bbox 876 1169 1044 1233; x_wconf 87' lang='lat' dir='ltr'><strong>biennium</strong></span> <span class='ocrx_word' id='word_1_81' title='bbox 1061 1179 1092 1234; x_wconf 89' lang='lat' dir='ltr'><strong>et</strong></span> <span class='ocrx_word' id='word_1_82' title='bbox 1106 1171 1220 1236; x_wconf 87' lang='lat' dir='ltr'><strong>decem</strong></span> <span class='ocrx_word' id='word_1_83' title='bbox 1235 1173 1315 1246; x_wconf 81' lang='lat' dir='ltr'><strong>anni</strong></span> 
     </span>
     <span class='ocr_line' id='line_1_12' title="bbox 271 1252 1315 1344; baseline -0.006 -17"><span class='ocrx_word' id='word_1_84' title='bbox 271 1263 425 1331; x_wconf 75' lang='lat' dir='ltr'><strong>transacti</strong></span> <span class='ocrx_word' id='word_1_85' title='bbox 443 1258 527 1338; x_wconf 86' lang='lat' dir='ltr'><strong>sint,</strong></span> <span class='ocrx_word' id='word_1_86' title='bbox 558 1252 691 1330; x_wconf 82' lang='lat' dir='ltr'><strong>definita</strong></span> <span class='ocrx_word' id='word_1_87' title='bbox 714 1255 879 1344; x_wconf 79' lang='lat' dir='ltr'><strong>temporis</strong></span> <span class='ocrx_word' id='word_1_88' title='bbox 900 1254 1028 1320; x_wconf 91' lang='lat' dir='ltr'><strong>duobus</strong></span> <span class='ocrx_word' id='word_1_89' title='bbox 1051 1256 1201 1322; x_wconf 89' lang='lat' dir='ltr'><strong>terminis</strong></span> <span class='ocrx_word' id='word_1_90' title='bbox 1228 1279 1315 1332; x_wconf 89' lang='lat' dir='ltr'><strong>oon-</strong></span> 
     </span>
     <span class='ocr_line' id='line_1_13' title="bbox 167 1338 1315 1428; baseline -0.001 -21"><span class='ocrx_word' id='word_1_91' title='bbox 167 1396 170 1407; x_wconf 71' lang='lat'><strong>,</strong></span> <span class='ocrx_word' id='word_1_92' title='bbox 272 1349 354 1420; x_wconf 86' lang='lat' dir='ltr'><strong>clusi</strong></span> <span class='ocrx_word' id='word_1_93' title='bbox 378 1345 533 1421; x_wconf 83' lang='lat' dir='ltr'><strong>notique,</strong></span> <span class='ocrx_word' id='word_1_94' title='bbox 564 1362 646 1428; x_wconf 90' lang='lat' dir='ltr'><strong>quae</strong></span> <span class='ocrx_word' id='word_1_95' title='bbox 674 1338 841 1418; x_wconf 84' lang='lat' dir='ltr'><strong>ctiamrei</strong></span> <span class='ocrx_word' id='word_1_96' title='bbox 867 1342 1003 1420; x_wconf 81' lang='lat' dir='ltr'><strong>nomine</strong></span> <span class='ocrx_word' id='word_1_97' title='bbox 1027 1363 1068 1404; x_wconf 81' lang='lat' dir='ltr'><strong>ox</strong></span> <span class='ocrx_word' id='word_1_98' title='bbox 1093 1340 1169 1404; x_wconf 91' lang='lat' dir='ltr'><strong>rimi</strong></span> <span class='ocrx_word' id='word_1_99' title='bbox 1191 1353 1315 1428; x_wconf 88' lang='lat' dir='ltr'><strong>potest,</strong></span> 
     </span>
     <span class='ocr_line' id='line_1_14' title="bbox 271 1423 1315 1512; baseline -0.007 -13"><span class='ocrx_word' id='word_1_100' title='bbox 271 1433 474 1500; x_wconf 78' lang='lat' dir='ltr'><strong>solatiante</strong></span> <span class='ocrx_word' id='word_1_101' title='bbox 496 1426 639 1491; x_wconf 79' lang='lat' dir='ltr'><strong>bellam.-</strong></span> <span class='ocrx_word' id='word_1_102' title='bbox 666 1423 944 1492; x_wconf 89' lang='lat' dir='ltr'><strong>transscendimus</strong></span> <span class='ocrx_word' id='word_1_103' title='bbox 970 1447 1010 1490; x_wconf 96' lang='lat' dir='ltr'><strong>ue</strong></span> <span class='ocrx_word' id='word_1_104' title='bbox 1032 1449 1050 1488; x_wconf 92' lang='lat' dir='ltr'><strong>a</strong></span> <span class='ocrx_word' id='word_1_105' title='bbox 1090 1426 1201 1512; x_wconf 91' lang='lat' dir='ltr'><strong>ipsum</strong></span> <span class='ocrx_word' id='word_1_106' title='bbox 1216 1425 1315 1492; x_wconf 87' lang='lat' dir='ltr'><strong>huius</strong></span> 
     </span>
     <span class='ocr_line' id='line_1_15' title="bbox 271 1448 1316 1605; baseline -0.006 -21"><span class='ocrx_word' id='word_1_107' title='bbox 271 1519 433 1605; x_wconf 88' lang='lat' dir='ltr'><strong>temporis</strong></span> <span class='ocrx_word' id='word_1_108' title='bbox 449 1513 640 1578; x_wconf 82' lang='lat' dir='ltr'><strong>terminum.</strong></span> <span class='ocrx_word' id='word_1_109' title='bbox 685 1510 795 1589; x_wconf 85' lang='lat' dir='ltr'><strong>Quare</strong></span> <span class='ocrx_word' id='word_1_110' title='bbox 814 1510 870 1596; x_wconf 93' lang='lat' dir='ltr'><strong>qui</strong></span> <span class='ocrx_word' id='word_1_111' title='bbox 892 1448 1122 1598; x_wconf 82' lang='lat' dir='ltr'><strong>italoquitur,</strong></span> <span class='ocrx_word' id='word_1_112' title='bbox 1149 1535 1221 1576; x_wconf 91' lang='lat' dir='ltr'><strong>rem</strong></span> <span class='ocrx_word' id='word_1_113' title='bbox 1247 1535 1316 1578; x_wconf 88' lang='lat' dir='ltr'><strong>uo-</strong></span> 
     </span>
     <span class='ocr_line' id='line_1_16' title="bbox 271 1594 1346 1686; baseline -0.006 -16"><span class='ocrx_word' id='word_1_114' title='bbox 271 1603 464 1671; x_wconf 85' lang='lat' dir='ltr'><strong>minandam</strong></span> <span class='ocrx_word' id='word_1_115' title='bbox 478 1595 635 1662; x_wconf 86' lang='lat' dir='ltr'><strong>transfert</strong></span> <span class='ocrx_word' id='word_1_116' title='bbox 649 1595 689 1658; x_wconf 89' lang='lat' dir='ltr'><strong>ad</strong></span> <span class='ocrx_word' id='word_1_117' title='bbox 708 1594 791 1667; x_wconf 90' lang='lat' dir='ltr'><strong>illud</strong></span> <span class='ocrx_word' id='word_1_118' title='bbox 806 1597 1029 1682; x_wconf 88' lang='lat' dir='ltr'><strong>antepositum</strong></span> <span class='ocrx_word' id='word_1_119' title='bbox 1043 1607 1192 1684; x_wconf 84' lang='lat' dir='ltr'><strong>ternpus,</strong></span> <span class='ocrx_word' id='word_1_120' title='bbox 1213 1598 1316 1686; x_wconf 91' lang='lat' dir='ltr'><strong>idque</strong></span> <span class='ocrx_word' id='word_1_121' title='bbox 1344 1609 1346 1618; x_wconf 91' lang='lat'>&#39;</span> 
     </span>
     <span class='ocr_line' id='line_1_17' title="bbox 272 1679 1316 1771; baseline -0.004 -16"><span class='ocrx_word' id='word_1_122' title='bbox 272 1711 348 1754; x_wconf 87' lang='lat' dir='ltr'><strong>cum</strong></span> <span class='ocrx_word' id='word_1_123' title='bbox 364 1711 423 1755; x_wconf 87' lang='lat' dir='ltr'><strong>suo</strong></span> <span class='ocrx_word' id='word_1_124' title='bbox 446 1701 615 1771; x_wconf 89' lang='lat' dir='ltr'><strong>tempore,</strong></span> <span class='ocrx_word' id='word_1_125' title='bbox 646 1679 700 1746; x_wconf 81' lang='lat' dir='ltr'><strong>vel</strong></span> <span class='ocrx_word' id='word_1_126' title='bbox 718 1701 795 1744; x_wconf 90' lang='lat' dir='ltr'><strong>oum</strong></span> <span class='ocrx_word' id='word_1_127' title='bbox 821 1691 994 1769; x_wconf 84' lang='lat' dir='ltr'><strong>tempore,</strong></span> <span class='ocrx_word' id='word_1_128' title='bbox 1021 1682 1056 1747; x_wconf 91' lang='lat' dir='ltr'><strong>in</strong></span> <span class='ocrx_word' id='word_1_129' title='bbox 1076 1704 1142 1768; x_wconf 92' lang='lat' dir='ltr'><strong>quo</strong></span> <span class='ocrx_word' id='word_1_130' title='bbox 1162 1684 1218 1769; x_wconf 93' lang='lat' dir='ltr'><strong>qui</strong></span> <span class='ocrx_word' id='word_1_131' title='bbox 1240 1707 1316 1750; x_wconf 90' lang='lat' dir='ltr'><strong>rem</strong></span> 
     </span>
     <span class='ocr_line' id='line_1_18' title="bbox 215 1764 1315 1856; baseline -0.007 -14"><span class='ocrx_word' id='word_1_132' title='bbox 215 1801 219 1816; x_wconf 89' lang='lat'><strong>·</strong></span> <span class='ocrx_word' id='word_1_133' title='bbox 271 1777 393 1843; x_wconf 86' lang='lat' dir='ltr'><strong>factam</strong></span> <span class='ocrx_word' id='word_1_134' title='bbox 408 1781 521 1836; x_wconf 88' lang='lat' dir='ltr'><strong>narrat</strong></span> <span class='ocrx_word' id='word_1_135' title='bbox 539 1777 699 1846; x_wconf 87' lang='lat' dir='ltr'><strong>versatur,</strong></span> <span class='ocrx_word' id='word_1_136' title='bbox 726 1768 910 1856; x_wconf 88' lang='lat' dir='ltr'><strong>componit.</strong></span> <span class='ocrx_word' id='word_1_137' title='bbox 959 1764 1050 1832; x_wconf 88' lang='lat' dir='ltr'><strong>Tum</strong></span> <span class='ocrx_word' id='word_1_138' title='bbox 1076 1790 1155 1832; x_wconf 87' lang='lat' dir='ltr'><strong>vero</strong></span> <span class='ocrx_word' id='word_1_139' title='bbox 1180 1769 1315 1835; x_wconf 87' lang='lat' dir='ltr'><strong>aliaest</strong></span> 
     </span>
     <span class='ocr_line' id='line_1_19' title="bbox 210 1853 1315 1945; baseline -0.006 -17"><span class='ocrx_word' id='word_1_140' title='bbox 210 1909 220 1928; x_wconf 44' lang='lat' dir='ltr'><strong>a</strong></span> <span class='ocrx_word' id='word_1_141' title='bbox 271 1863 375 1937; x_wconf 84' lang='lat' dir='ltr'><strong>ratio,</strong></span> <span class='ocrx_word' id='word_1_142' title='bbox 396 1879 499 1945; x_wconf 88' lang='lat' dir='ltr'><strong>quum</strong></span> <span class='ocrx_word' id='word_1_143' title='bbox 516 1853 595 1918; x_wconf 85' lang='lat' dir='ltr'><strong>duas</strong></span> <span class='ocrx_word' id='word_1_144' title='bbox 615 1877 667 1919; x_wconf 90' lang='lat' dir='ltr'><strong>res</strong></span> <span class='ocrx_word' id='word_1_145' title='bbox 683 1861 768 1916; x_wconf 88' lang='lat' dir='ltr'><strong>actas</strong></span> <span class='ocrx_word' id='word_1_146' title='bbox 785 1875 1034 1940; x_wconf 83' lang='lat' dir='ltr'><strong>comparamus,</strong></span> <span class='ocrx_word' id='word_1_147' title='bbox 1064 1876 1242 1941; x_wconf 88' lang='lat' dir='ltr'><strong>earumque</strong></span> <span class='ocrx_word' id='word_1_148' title='bbox 1259 1856 1315 1921; x_wconf 88' lang='lat' dir='ltr'><strong>di·</strong></span> 
     </span>
     <span class='ocr_line' id='line_1_20' title="bbox 261 1939 1313 2028; baseline -0.005 -17"><span class='ocrx_word' id='word_1_149' title='bbox 261 1946 423 2011; x_wconf 78' lang='lat' dir='ltr'><strong>stantiam</strong></span> <span class='ocrx_word' id='word_1_150' title='bbox 448 1940 610 2028; x_wconf 85' lang='lat' dir='ltr'><strong>temporis</strong></span> <span class='ocrx_word' id='word_1_151' title='bbox 633 1939 769 2003; x_wconf 91' lang='lat' dir='ltr'><strong>nominc</strong></span> <span class='ocrx_word' id='word_1_152' title='bbox 791 1939 1009 2026; x_wconf 85' lang='lat' dir='ltr'><strong>designamus.</strong></span> <span class='ocrx_word' id='word_1_153' title='bbox 1047 1940 1198 2004; x_wconf 81' lang='lat' dir='ltr'><strong>Dicimus</strong></span> <span class='ocrx_word' id='word_1_154' title='bbox 1222 1941 1313 2006; x_wconf 89' lang='lat' dir='ltr'><strong>enim</strong></span> 
     </span>
     <span class='ocr_line' id='line_1_21' title="bbox 272 2023 1311 2110; baseline -0.004 -14"><span class='ocrx_word' id='word_1_155' title='bbox 272 2033 389 2096; x_wconf 81' lang='lat' dir='ltr'><strong>decem</strong></span> <span class='ocrx_word' id='word_1_156' title='bbox 404 2039 484 2092; x_wconf 84' lang='lat' dir='ltr'><strong>ante</strong></span> <span class='ocrx_word' id='word_1_157' title='bbox 501 2026 620 2110; x_wconf 70' lang='lat' dir='ltr'><strong>tannis,</strong></span> <span class='ocrx_word' id='word_1_158' title='bbox 642 2025 728 2088; x_wconf 77' lang='lat' dir='ltr'><strong>zelza</strong></span> <span class='ocrx_word' id='word_1_159' title='bbox 742 2023 998 2106; x_wconf 60' lang='lat' dir='ltr'><strong>Jatre&#39;aoraer,</strong></span> <span class='ocrx_word' id='word_1_160' title='bbox 1024 2035 1063 2089; x_wconf 88' lang='lat' dir='ltr'><strong>ut</strong></span> <span class='ocrx_word' id='word_1_161' title='bbox 1078 2028 1236 2092; x_wconf 86' lang='lat' dir='ltr'><strong>sententia</strong></span> <span class='ocrx_word' id='word_1_162' title='bbox 1251 2028 1311 2092; x_wconf 87' lang='lat' dir='ltr'><strong>sit:</strong></span> 
     </span>
     <span class='ocr_line' id='line_1_22' title="bbox 261 2109 1313 2198; baseline -0.003 -17"><span class='ocrx_word' id='word_1_163' title='bbox 261 2120 387 2181; x_wconf 78' lang='lat' dir='ltr'><strong>&#39;decem</strong></span> <span class='ocrx_word' id='word_1_164' title='bbox 409 2114 501 2178; x_wconf 91' lang='lat' dir='ltr'><strong>annis</strong></span> <span class='ocrx_word' id='word_1_165' title='bbox 526 2122 700 2196; x_wconf 88' lang='lat' dir='ltr'><strong>antequam</strong></span> <span class='ocrx_word' id='word_1_166' title='bbox 730 2110 812 2174; x_wconf 89' lang='lat' dir='ltr'><strong>illud</strong></span> <span class='ocrx_word' id='word_1_167' title='bbox 836 2109 961 2174; x_wconf 87' lang='lat' dir='ltr'><strong>factum</strong></span> <span class='ocrx_word' id='word_1_168' title='bbox 985 2120 1048 2174; x_wconf 88' lang='lat' dir='ltr'><strong>est:</strong></span> <span class='ocrx_word' id='word_1_169' title='bbox 1080 2112 1205 2198; x_wconf 80' lang='lat' dir='ltr'><strong>parteis</strong></span> <span class='ocrx_word' id='word_1_170' title='bbox 1231 2113 1313 2178; x_wconf 78' lang='lat' dir='ltr'><strong>onte</strong></span> 
     </span>
     <span class='ocr_line' id='line_1_23' title="bbox 273 2193 1313 2284; baseline -0.004 -17"><span class='ocrx_word' id='word_1_171' title='bbox 273 2202 390 2282; x_wconf 71' lang='lat' dir='ltr'><strong>dicistis</strong></span> <span class='ocrx_word' id='word_1_172' title='bbox 414 2201 435 2263; x_wconf 91' lang='lat' dir='ltr'><strong>i.</strong></span> <span class='ocrx_word' id='word_1_173' title='bbox 453 2222 480 2262; x_wconf 87' lang='lat' dir='ltr'><strong>e.</strong></span> <span class='ocrx_word' id='word_1_174' title='bbox 502 2197 613 2284; x_wconf 89' lang='lat' dir='ltr'><strong>paucis</strong></span> <span class='ocrx_word' id='word_1_175' title='bbox 630 2195 742 2260; x_wconf 90' lang='lat' dir='ltr'><strong>diebus</strong></span> <span class='ocrx_word' id='word_1_176' title='bbox 763 2205 836 2266; x_wconf 88' lang='lat' dir='ltr'><strong>ante</strong></span> <span class='ocrx_word' id='word_1_177' title='bbox 851 2193 942 2259; x_wconf 88' lang='lat' dir='ltr'><strong>hacc.</strong></span> <span class='ocrx_word' id='word_1_178' title='bbox 986 2197 1100 2275; x_wconf 88' lang='lat' dir='ltr'><strong>Quum</strong></span> <span class='ocrx_word' id='word_1_179' title='bbox 1123 2196 1228 2284; x_wconf 84' lang='lat' dir='ltr'><strong>priori</strong></span> <span class='ocrx_word' id='word_1_180' title='bbox 1242 2198 1313 2264; x_wconf 87' lang='lat' dir='ltr'><strong>illa</strong></span> 
     </span>
     <span class='ocr_line' id='line_1_24' title="bbox 273 2280 1313 2367; baseline -0.004 -15"><span class='ocrx_word' id='word_1_181' title='bbox 273 2290 416 2353; x_wconf 85' lang='lat' dir='ltr'><strong>dictione</strong></span> <span class='ocrx_word' id='word_1_182' title='bbox 432 2295 519 2363; x_wconf 88' lang='lat' dir='ltr'><strong>utor,</strong></span> <span class='ocrx_word' id='word_1_183' title='bbox 542 2280 705 2347; x_wconf 81' lang='lat' dir='ltr'><strong>versoria</strong></span> <span class='ocrx_word' id='word_1_184' title='bbox 720 2281 793 2367; x_wconf 93' lang='lat' dir='ltr'><strong>ipso</strong></span> <span class='ocrx_word' id='word_1_185' title='bbox 809 2291 877 2344; x_wconf 88' lang='lat' dir='ltr'><strong>tem</strong></span> <span class='ocrx_word' id='word_1_186' title='bbox 905 2303 973 2356; x_wconf 88' lang='lat' dir='ltr'><strong>ore,</strong></span> <span class='ocrx_word' id='word_1_187' title='bbox 991 2283 1082 2362; x_wconf 87' lang='lat' dir='ltr'><strong>cuius</strong></span> <span class='ocrx_word' id='word_1_188' title='bbox 1102 2292 1228 2348; x_wconf 87' lang='lat' dir='ltr'><strong>certum</strong></span> <span class='ocrx_word' id='word_1_189' title='bbox 1242 2294 1313 2348; x_wconf 89' lang='lat' dir='ltr'><strong>ter-</strong></span> 
     </span>
     <span class='ocr_line' id='line_1_25' title="bbox 262 2305 1313 2454; baseline -0.007 -14"><span class='ocrx_word' id='word_1_190' title='bbox 262 2375 514 2452; x_wconf 34' lang='lat' dir='ltr'><strong>&#39;minumtenfe&#39;o</strong></span> <span class='ocrx_word' id='word_1_191' title='bbox 533 2368 780 2454; x_wconf 85' lang='lat' dir='ltr'><strong>inpraesentia:</strong></span> <span class='ocrx_word' id='word_1_192' title='bbox 804 2380 865 2454; x_wconf 87' lang='lat' dir='ltr'><strong>per</strong></span> <span class='ocrx_word' id='word_1_193' title='bbox 879 2305 970 2432; x_wconf 56' lang='lat' dir='ltr'><strong>iano</strong></span> <span class='ocrx_word' id='word_1_194' title='bbox 993 2368 1128 2432; x_wconf 87' lang='lat' dir='ltr'><strong>alteram</strong></span> <span class='ocrx_word' id='word_1_195' title='bbox 1150 2389 1226 2433; x_wconf 91' lang='lat' dir='ltr'><strong>com</strong></span> <span class='ocrx_word' id='word_1_196' title='bbox 1254 2392 1313 2433; x_wconf 90' lang='lat' dir='ltr'><strong>aro</strong></span> 
     </span>
     <span class='ocr_line' id='line_1_26' title="bbox 264 2391 1313 2541; baseline -0.004 -18"><span class='ocrx_word' id='word_1_197' title='bbox 264 2461 356 2523; x_wconf 73' lang='lat' dir='ltr'><strong>duas</strong></span> <span class='ocrx_word' id='word_1_198' title='bbox 369 2479 421 2520; x_wconf 86' lang='lat' dir='ltr'><strong>res</strong></span> <span class='ocrx_word' id='word_1_199' title='bbox 431 2452 780 2539; x_wconf 77' lang='lat' dir='ltr'><strong>‘tenip01·ali&#39;ratione,</strong></span> <span class='ocrx_word' id='word_1_200' title='bbox 805 2473 908 2537; x_wconf 89' lang='lat' dir='ltr'><strong>quam</strong></span> <span class='ocrx_word' id='word_1_201' title='bbox 929 2454 1035 2540; x_wconf 86' lang='lat' dir='ltr'><strong>Latini</strong></span> <span class='ocrx_word' id='word_1_202' title='bbox 1059 2463 1091 2518; x_wconf 88' lang='lat' dir='ltr'><strong>et</strong></span> <span class='ocrx_word' id='word_1_203' title='bbox 1112 2477 1173 2541; x_wconf 86' lang='lat' dir='ltr'><strong>per</strong></span> <span class='ocrx_word' id='word_1_204' title='bbox 1195 2391 1313 2518; x_wconf 73' lang='lat' dir='ltr'><strong>ablati-</strong></span> 
     </span>
     <span class='ocr_line' id='line_1_27' title="bbox 271 2538 1314 2626; baseline -0.006 -16"><span class='ocrx_word' id='word_1_205' title='bbox 271 2566 352 2610; x_wconf 84' lang='lat' dir='ltr'><strong>vum</strong></span> <span class='ocrx_word' id='word_1_206' title='bbox 389 2550 421 2604; x_wconf 90' lang='lat' dir='ltr'><strong>et</strong></span> <span class='ocrx_word' id='word_1_207' title='bbox 456 2561 518 2626; x_wconf 90' lang='lat' dir='ltr'><strong>per</strong></span> <span class='ocrx_word' id='word_1_208' title='bbox 555 2538 772 2602; x_wconf 86' lang='lat' dir='ltr'><strong>accusativum</strong></span> <span class='ocrx_word' id='word_1_209' title='bbox 812 2539 1018 2624; x_wconf 89' lang='lat' dir='ltr'><strong>exprimunt,</strong></span> <span class='ocrx_word' id='word_1_210' title='bbox 1052 2540 1162 2603; x_wconf 68' lang='lat' dir='ltr'><strong>sicuti</strong></span> <span class='ocrx_word' id='word_1_211' title='bbox 1198 2540 1314 2604; x_wconf 90' lang='lat' dir='ltr'><strong>dicunt</strong></span> 
     </span>
     <span class='ocr_line' id='line_1_28' title="bbox 273 2620 1313 2708; baseline -0.004 -13"><span class='ocrx_word' id='word_1_212' title='bbox 273 2628 404 2695; x_wconf 76' lang='lat' dir='ltr'><strong>abstine</strong></span> <span class='ocrx_word' id='word_1_213' title='bbox 419 2624 542 2688; x_wconf 81' lang='lat' dir='ltr'><strong>decem‘</strong></span> <span class='ocrx_word' id='word_1_214' title='bbox 559 2623 660 2687; x_wconf 82' lang='lat' dir='ltr'><strong>annis</strong></span> <span class='ocrx_word' id='word_1_215' title='bbox 684 2631 716 2686; x_wconf 91' lang='lat' dir='ltr'><strong>et</strong></span> <span class='ocrx_word' id='word_1_216' title='bbox 739 2620 860 2687; x_wconf 79' lang='lat' dir='ltr'><strong>ablainc</strong></span> <span class='ocrx_word' id='word_1_217' title='bbox 883 2622 998 2688; x_wconf 74' lang='lat' dir='ltr'><strong>decem</strong></span> <span class='ocrx_word' id='word_1_218' title='bbox 1022 2647 1141 2690; x_wconf 86' lang='lat' dir='ltr'><strong>annos.</strong></span> <span class='ocrx_word' id='word_1_219' title='bbox 1191 2625 1230 2708; x_wconf 87' lang='lat' dir='ltr'><strong>In</strong></span> <span class='ocrx_word' id='word_1_220' title='bbox 1255 2625 1313 2691; x_wconf 92' lang='lat' dir='ltr'><strong>illa</strong></span> 
     </span>
     <span class='ocr_line' id='line_1_29' title="bbox 272 2708 1313 2800; baseline -0.004 -20"><span class='ocrx_word' id='word_1_221' title='bbox 272 2725 355 2780; x_wconf 81' lang='lat' dir='ltr'><strong>ante</strong></span> <span class='ocrx_word' id='word_1_222' title='bbox 371 2721 420 2775; x_wconf 90' lang='lat' dir='ltr'><strong>est</strong></span> <span class='ocrx_word' id='word_1_223' title='bbox 437 2709 666 2797; x_wconf 82' lang='lat' dir='ltr'><strong>praepositio,¹</strong></span> <span class='ocrx_word' id='word_1_224' title='bbox 693 2709 729 2772; x_wconf 91' lang='lat' dir='ltr'><strong>in</strong></span> <span class='ocrx_word' id='word_1_225' title='bbox 750 2708 812 2772; x_wconf 88' lang='lat' dir='ltr'><strong>hac</strong></span> <span class='ocrx_word' id='word_1_226' title='bbox 834 2709 1042 2776; x_wconf 74' lang='lat' dir='ltr'><strong>adverbiumt</strong></span> <span class='ocrx_word' id='word_1_227' title='bbox 1070 2733 1150 2776; x_wconf 90' lang='lat' dir='ltr'><strong>nam</strong></span> <span class='ocrx_word' id='word_1_228' title='bbox 1170 2711 1313 2800; x_wconf 88' lang='lat' dir='ltr'><strong>elliptica</strong></span> 
     </span>
     <span class='ocr_line' id='line_1_30' title="bbox 257 2793 1313 2884; baseline -0.002 -20"><span class='ocrx_word' id='word_1_229' title='bbox 257 2801 340 2866; x_wconf 61' lang='lat' dir='ltr'><strong>usne</strong></span> <span class='ocrx_word' id='word_1_230' title='bbox 354 2798 497 2862; x_wconf 84' lang='lat' dir='ltr'><strong>breviata</strong></span> <span class='ocrx_word' id='word_1_231' title='bbox 515 2806 564 2859; x_wconf 94' lang='lat' dir='ltr'><strong>est</strong></span> <span class='ocrx_word' id='word_1_232' title='bbox 579 2795 737 2858; x_wconf 87' lang='lat' dir='ltr'><strong>orationis</strong></span> <span class='ocrx_word' id='word_1_233' title='bbox 757 2793 879 2860; x_wconf 89' lang='lat' dir='ltr'><strong>forma.</strong></span> <span class='ocrx_word' id='word_1_234' title='bbox 920 2796 1027 2882; x_wconf 81' lang='lat' dir='ltr'><strong>Atque</strong></span> <span class='ocrx_word' id='word_1_235' title='bbox 1044 2818 1138 2874; x_wconf 88' lang='lat' dir='ltr'><strong>eum,</strong></span> <span class='ocrx_word' id='word_1_236' title='bbox 1151 2797 1218 2884; x_wconf 50' lang='lat' dir='ltr'><strong>*qui</strong></span> <span class='ocrx_word' id='word_1_237' title='bbox 1230 2820 1313 2862; x_wconf 87' lang='lat' dir='ltr'><strong>nar-</strong></span> 
     </span>
     <span class='ocr_line' id='line_1_31' title="bbox 257 2878 1313 2968; baseline -0.005 -17"><span class='ocrx_word' id='word_1_238' title='bbox 257 2891 339 2968; x_wconf 66' lang='lat' dir='ltr'><strong>aaa</strong></span> <span class='ocrx_word' id='word_1_239' title='bbox 361 2882 417 2946; x_wconf 90' lang='lat' dir='ltr'><strong>ubi</strong></span> <span class='ocrx_word' id='word_1_240' title='bbox 434 2880 473 2945; x_wconf 90' lang='lat' dir='ltr'><strong>ad</strong></span> <span class='ocrx_word' id='word_1_241' title='bbox 490 2903 588 2945; x_wconf 82' lang='lat' dir='ltr'><strong>suurn</strong></span> <span class='ocrx_word' id='word_1_242' title='bbox 604 2891 736 2966; x_wconf 88' lang='lat' dir='ltr'><strong>tempus</strong></span> <span class='ocrx_word' id='word_1_243' title='bbox 751 2878 852 2946; x_wconf 89' lang='lat' dir='ltr'><strong>refert</strong></span> <span class='ocrx_word' id='word_1_244' title='bbox 869 2881 1011 2967; x_wconf 88' lang='lat' dir='ltr'><strong>aliquam</strong></span> <span class='ocrx_word' id='word_1_245' title='bbox 1024 2905 1097 2961; x_wconf 82' lang='lat' dir='ltr'><strong>rem</strong></span> <span class='ocrx_word' id='word_1_246' title='bbox 1114 2893 1218 2946; x_wconf 90' lang='lat' dir='ltr'><strong>actam</strong></span> <span class='ocrx_word' id='word_1_247' title='bbox 1227 2931 1237 2964; x_wconf 93' lang='lat'><strong>,</strong></span> <span class='ocrx_word' id='word_1_248' title='bbox 1260 2881 1313 2946; x_wconf 61' lang='lat' dir='ltr'><strong>dia</strong></span> 
     </span>
     <span class='ocr_line' id='line_1_32' title="bbox 271 2965 1311 3056; baseline -0.002 -22"><span class='ocrx_word' id='word_1_249' title='bbox 271 2993 344 3036; x_wconf 86' lang='lat' dir='ltr'><strong>cere</strong></span> <span class='ocrx_word' id='word_1_250' title='bbox 368 2978 502 3056; x_wconf 85' lang='lat' dir='ltr'><strong>oportet</strong></span> <span class='ocrx_word' id='word_1_251' title='bbox 527 2966 759 3053; x_wconf 11' lang='lat' dir='ltr'><strong>anteyaliquot</strong></span> <span class='ocrx_word' id='word_1_252' title='bbox 786 2965 876 3049; x_wconf 82' lang='lat' dir='ltr'><strong>dics,</strong></span> <span class='ocrx_word' id='word_1_253' title='bbox 915 2968 1143 3056; x_wconf 63' lang='lat' dir='ltr'><strong>vor-einiger»</strong></span> <span class='ocrx_word' id='word_1_254' title='bbox 1175 2967 1311 3056; x_wconf 83' lang='lat' dir='ltr'><strong>Tagen.</strong></span> 
     </span>
     <span class='ocr_line' id='line_1_33' title="bbox 272 3051 1312 3138; baseline -0.003 -17"><span class='ocrx_word' id='word_1_255' title='bbox 272 3057 338 3121; x_wconf 88' lang='lat' dir='ltr'><strong>Sed</strong></span> <span class='ocrx_word' id='word_1_256' title='bbox 351 3054 496 3117; x_wconf 80' lang='lat' dir='ltr'><strong>ubi&#39;rem</strong></span> <span class='ocrx_word' id='word_1_257' title='bbox 515 3053 657 3138; x_wconf 88' lang='lat' dir='ltr'><strong>aliquam</strong></span> <span class='ocrx_word' id='word_1_258' title='bbox 681 3051 720 3115; x_wconf 90' lang='lat' dir='ltr'><strong>ad</strong></span> <span class='ocrx_word' id='word_1_259' title='bbox 750 3051 884 3118; x_wconf 86' lang='lat' dir='ltr'><strong>alteram</strong></span> <span class='ocrx_word' id='word_1_260' title='bbox 905 3075 978 3118; x_wconf 89' lang='lat' dir='ltr'><strong>rem</strong></span> <span class='ocrx_word' id='word_1_261' title='bbox 1022 3055 1146 3118; x_wconf 89' lang='lat' dir='ltr'><strong>riorcm</strong></span> <span class='ocrx_word' id='word_1_262' title='bbox 1169 3053 1312 3135; x_wconf 87' lang='lat' dir='ltr'><strong>confert,</strong></span> 
     </span>
     <span class='ocr_line' id='line_1_34' title="bbox 272 3136 1311 3227; baseline -0.004 -21"><span class='ocrx_word' id='word_1_263' title='bbox 272 3141 403 3227; x_wconf 85' lang='lat' dir='ltr'><strong>aliquot</strong></span> <span class='ocrx_word' id='word_1_264' title='bbox 420 3136 536 3202; x_wconf 83' lang='lat' dir='ltr'><strong>diebus</strong></span> <span class='ocrx_word' id='word_1_265' title='bbox 550 3149 641 3201; x_wconf 83' lang='lat' dir='ltr'><strong>ante.</strong></span> <span class='ocrx_word' id='word_1_266' title='bbox 687 3137 799 3218; x_wconf 88' lang='lat' dir='ltr'><strong>Quare</strong></span> <span class='ocrx_word' id='word_1_267' title='bbox 811 3138 990 3224; x_wconf 89' lang='lat' dir='ltr'><strong>illa,·quae</strong></span> <span class='ocrx_word' id='word_1_268' title='bbox 1035 3142 1155 3204; x_wconf 87' lang='lat' dir='ltr'><strong>remius</strong></span> <span class='ocrx_word' id='word_1_269' title='bbox 1172 3140 1311 3203; x_wconf 88' lang='lat' dir='ltr'><strong>adCor-</strong></span> 
     </span>
     <span class='ocr_line' id='line_1_35' title="bbox 256 3222 1310 3311; baseline -0.003 -20"><span class='ocrx_word' id='word_1_270' title='bbox 256 3227 338 3291; x_wconf 79' lang='lat' dir='ltr'><strong>nel.</strong></span> <span class='ocrx_word' id='word_1_271' title='bbox 355 3223 428 3287; x_wconf 87' lang='lat' dir='ltr'><strong>Dat.</strong></span> <span class='ocrx_word' id='word_1_272' title='bbox 447 3229 498 3286; x_wconf 92' lang='lat'><strong>11.</strong></span> <span class='ocrx_word' id='word_1_273' title='bbox 523 3222 684 3286; x_wconf 88' lang='lat' dir='ltr'><strong>subtiliter</strong></span> <span class='ocrx_word' id='word_1_274' title='bbox 704 3223 949 3304; x_wconf 85' lang='lat' dir='ltr'><strong>animadvertit,</strong></span> <span class='ocrx_word' id='word_1_275' title='bbox 984 3222 1125 3310; x_wconf 84' lang='lat' dir='ltr'><strong>plurima</strong></span> <span class='ocrx_word' id='word_1_276' title='bbox 1150 3246 1193 3288; x_wconf 82' lang='lat' dir='ltr'><strong>ex</strong></span> <span class='ocrx_word' id='word_1_277' title='bbox 1214 3233 1310 3311; x_wconf 85' lang='lat' dir='ltr'><strong>parte</strong></span> 
     </span>
     <span class='ocr_line' id='line_1_36' title="bbox 202 3308 1310 3397; baseline -0.004 -19"><span class='ocrx_word' id='word_1_278' title='bbox 202 3321 205 3330; x_wconf 85' lang='lat'>&#39;</span> <span class='ocrx_word' id='word_1_279' title='bbox 256 3335 346 3378; x_wconf 58' lang='lat' dir='ltr'><strong>*vera</strong></span> <span class='ocrx_word' id='word_1_280' title='bbox 369 3317 462 3389; x_wconf 87' lang='lat' dir='ltr'><strong>sunt,</strong></span> <span class='ocrx_word' id='word_1_281' title='bbox 491 3329 596 3393; x_wconf 90' lang='lat' dir='ltr'><strong>neque</strong></span> <span class='ocrx_word' id='word_1_282' title='bbox 626 3331 662 3372; x_wconf 90' lang='lat' dir='ltr'><strong>ea</strong></span> <span class='ocrx_word' id='word_1_283' title='bbox 686 3309 835 3397; x_wconf 88' lang='lat' dir='ltr'><strong>exempla</strong></span> <span class='ocrx_word' id='word_1_284' title='bbox 862 3308 1028 3386; x_wconf 70' lang='lat' dir='ltr'><strong>obstant,‹</strong></span> <span class='ocrx_word' id='word_1_285' title='bbox 1063 3311 1310 3383; x_wconf 76' lang='lat' dir='ltr'><strong>uaecontrarta</strong></span> 
     </span>
     <span class='ocr_line' id='line_1_37' title="bbox 254 3332 1308 3482; baseline -0.003 -21"><span class='ocrx_word' id='word_1_286' title='bbox 254 3409 340 3462; x_wconf 69' lang='lat' dir='ltr'><strong>“esse</strong></span> <span class='ocrx_word' id='word_1_287' title='bbox 369 3393 570 3457; x_wconf 84' lang='lat' dir='ltr'><strong>Schmidtius</strong></span> <span class='ocrx_word' id='word_1_288' title='bbox 597 3395 788 3482; x_wconf 88' lang='lat' dir='ltr'><strong>nuperrime</strong></span> <span class='ocrx_word' id='word_1_289' title='bbox 810 3395 845 3458; x_wconf 89' lang='lat' dir='ltr'><strong>in</strong></span> <span class='ocrx_word' id='word_1_290' title='bbox 865 3332 1076 3482; x_wconf 79' lang='lat' dir='ltr'><strong>Ephemerid.</strong></span> <span class='ocrx_word' id='word_1_291' title='bbox 1100 3395 1231 3460; x_wconf 85' lang='lat' dir='ltr'><strong>Halous.</strong></span> <span class='ocrx_word' id='word_1_292' title='bbox 1252 3416 1308 3460; x_wconf 86' lang='lat' dir='ltr'><strong>sn.</strong></span> 
     </span>
     <span class='ocr_line' id='line_1_38' title="bbox 273 3479 1310 3547; baseline -0.002 -1"><span class='ocrx_word' id='word_1_293' title='bbox 273 3487 366 3547; x_wconf 87' lang='grc'><strong>1826.</strong></span> <span class='ocrx_word' id='word_1_294' title='bbox 386 3503 421 3543; x_wconf 91' lang='lat' dir='ltr'><strong>n.</strong></span> <span class='ocrx_word' id='word_1_295' title='bbox 438 3481 513 3544; x_wconf 86' lang='grc'><strong>259.</strong></span> <span class='ocrx_word' id='word_1_296' title='bbox 538 3480 829 3545; x_wconf 76' lang='lat' dir='ltr'><strong>commemoravits</strong></span> <span class='ocrx_word' id='word_1_297' title='bbox 861 3490 938 3544; x_wconf 90' lang='lat' dir='ltr'><strong>sunt</strong></span> <span class='ocrx_word' id='word_1_298' title='bbox 961 3481 1049 3544; x_wconf 90' lang='lat' dir='ltr'><strong>enim</strong></span> <span class='ocrx_word' id='word_1_299' title='bbox 1073 3503 1110 3545; x_wconf 91' lang='lat' dir='ltr'><strong>ea</strong></span> <span class='ocrx_word' id='word_1_300' title='bbox 1134 3481 1246 3545; x_wconf 78' lang='lat' dir='ltr'><strong>omnia</strong></span> <span class='ocrx_word' id='word_1_301' title='bbox 1268 3479 1310 3544; x_wconf 91' lang='lat' dir='ltr'><strong>do</strong></span> 
     </span>
     <span class='ocr_line' id='line_1_39' title="bbox 257 3563 1310 3654; baseline 0.001 -25"><span class='ocrx_word' id='word_1_302' title='bbox 257 3579 423 3654; x_wconf 70' lang='lat' dir='ltr'><strong>tempore</strong></span> <span class='ocrx_word' id='word_1_303' title='bbox 437 3566 511 3652; x_wconf 89' lang='lat' dir='ltr'><strong>ipso</strong></span> <span class='ocrx_word' id='word_1_304' title='bbox 531 3565 626 3629; x_wconf 90' lang='lat' dir='ltr'><strong>diota.</strong></span> <span class='ocrx_word' id='word_1_305' title='bbox 670 3563 755 3630; x_wconf 92' lang='lat' dir='ltr'><strong>lllud</strong></span> <span class='ocrx_word' id='word_1_306' title='bbox 778 3587 857 3630; x_wconf 84' lang='lat' dir='ltr'><strong>vero</strong></span> <span class='ocrx_word' id='word_1_307' title='bbox 880 3575 954 3630; x_wconf 91' lang='lat' dir='ltr'><strong>ante</strong></span> <span class='ocrx_word' id='word_1_308' title='bbox 980 3567 1091 3632; x_wconf 87' lang='lat' dir='ltr'><strong>omnia</strong></span> <span class='ocrx_word' id='word_1_309' title='bbox 1113 3564 1310 3654; x_wconf 87' lang='lat' dir='ltr'><strong>ponendum</strong></span> 
     </span>
     <span class='ocr_line' id='line_1_40' title="bbox 205 3650 1309 3738; baseline -0.002 -22"><span class='ocrx_word' id='word_1_310' title='bbox 205 3669 208 3676; x_wconf 86' lang='lat'>&#39;</span> <span class='ocrx_word' id='word_1_311' title='bbox 272 3661 522 3736; x_wconf 84' lang='lat' dir='ltr'><strong>erat·tamquam</strong></span> <span class='ocrx_word' id='word_1_312' title='bbox 538 3651 736 3736; x_wconf 86' lang='lat' dir='ltr'><strong>quaestionis</strong></span> <span class='ocrx_word' id='word_1_313' title='bbox 756 3650 974 3737; x_wconf 84' lang='lat' dir='ltr'><strong>principium,</strong></span> <span class='ocrx_word' id='word_1_314' title='bbox 1005 3651 1062 3716; x_wconf 92' lang='lat' dir='ltr'><strong>ubi</strong></span> <span class='ocrx_word' id='word_1_315' title='bbox 1073 3651 1115 3734; x_wconf 86' lang='lat' dir='ltr'><strong>dc</strong></span> <span class='ocrx_word' id='word_1_316' title='bbox 1129 3653 1203 3738; x_wconf 89' lang='lat' dir='ltr'><strong>ipso</strong></span> <span class='ocrx_word' id='word_1_317' title='bbox 1218 3661 1309 3716; x_wconf 84' lang='lat' dir='ltr'><strong>tem-</strong></span> 
     </span>
     <span class='ocr_line' id='line_1_41' title="bbox 270 3727 1310 3835; baseline -0.001 -34"><span class='ocrx_word' id='word_1_318' title='bbox 270 3749 360 3824; x_wconf 83' lang='lat' dir='ltr'><strong>pore·</strong></span> <span class='ocrx_word' id='word_1_319' title='bbox 370 3745 503 3822; x_wconf 84' lang='lat' dir='ltr'><strong>agatur,</strong></span> <span class='ocrx_word' id='word_1_320' title='bbox 531 3737 630 3821; x_wconf 90' lang='lat' dir='ltr'><strong>idque</strong></span> <span class='ocrx_word' id='word_1_321' title='bbox 645 3736 779 3800; x_wconf 87' lang='lat' dir='ltr'><strong>notione</strong></span> <span class='ocrx_word' id='word_1_322' title='bbox 793 3753 858 3798; x_wconf 88' lang='lat' dir='ltr'><strong>una</strong></span> <span class='ocrx_word' id='word_1_323' title='bbox 876 3746 906 3800; x_wconf 89' lang='lat' dir='ltr'><strong>ct</strong></span> <span class='ocrx_word' id='word_1_324' title='bbox 923 3736 1069 3800; x_wconf 84' lang='lat' dir='ltr'><strong>absoluta</strong></span> <span class='ocrx_word' id='word_1_325' title='bbox 1084 3727 1310 3835; x_wconf 68' lang='lat' dir='ltr'><strong>comprehen-</strong></span> 
     </span>
     <span class='ocr_line' id='line_1_42' title="bbox 272 3819 1309 3909; baseline 0 -23"><span class='ocrx_word' id='word_1_326' title='bbox 272 3823 389 3904; x_wconf 61' lang='lat' dir='ltr'><strong>datur-13</strong></span> <span class='ocrx_word' id='word_1_327' title='bbox 411 3819 455 3886; x_wconf 88' lang='lat' dir='ltr'><strong>ob</strong></span> <span class='ocrx_word' id='word_1_328' title='bbox 472 3843 544 3885; x_wconf 89' lang='lat' dir='ltr'><strong>eam</strong></span> <span class='ocrx_word' id='word_1_329' title='bbox 561 3840 725 3901; x_wconf 87' lang='lat' dir='ltr'><strong>caussam,</strong></span> <span class='ocrx_word' id='word_1_330' title='bbox 751 3840 850 3906; x_wconf 89' lang='lat' dir='ltr'><strong>quam</strong></span> <span class='ocrx_word' id='word_1_331' title='bbox 866 3822 1020 3909; x_wconf 87' lang='lat' dir='ltr'><strong>exposui,</strong></span> <span class='ocrx_word' id='word_1_332' title='bbox 1048 3822 1145 3886; x_wconf 86' lang='lat' dir='ltr'><strong>ctiam</strong></span> <span class='ocrx_word' id='word_1_333' title='bbox 1159 3844 1194 3886; x_wconf 81' lang='lat' dir='ltr'><strong>in</strong></span> <span class='ocrx_word' id='word_1_334' title='bbox 1208 3821 1309 3886; x_wconf 86' lang='lat' dir='ltr'><strong>rebus</strong></span> 
     </span>
     <span class='ocr_line' id='line_1_43' title="bbox 268 3905 1408 3996; baseline 0.002 -24"><span class='ocrx_word' id='word_1_335' title='bbox 268 3909 452 3996; x_wconf 87' lang='lat' dir='ltr'><strong>praeteritis</strong></span> <span class='ocrx_word' id='word_1_336' title='bbox 467 3927 564 3970; x_wconf 86' lang='lat' dir='ltr'><strong>usum</strong></span> <span class='ocrx_word' id='word_1_337' title='bbox 579 3905 831 3992; x_wconf 84' lang='lat' dir='ltr'><strong>praepositionis</strong></span> <span class='ocrx_word' id='word_1_338' title='bbox 851 3908 1005 3982; x_wconf 88' lang='lat' dir='ltr'><strong>concedi,</strong></span> <span class='ocrx_word' id='word_1_339' title='bbox 1021 3929 1127 3993; x_wconf 90' lang='lat' dir='ltr'><strong>neque</strong></span> <span class='ocrx_word' id='word_1_340' title='bbox 1143 3907 1312 3974; x_wconf 88' lang='lat' dir='ltr'><strong>discedere</strong></span> <span class='ocrx_word' id='word_1_341' title='bbox 1407 3987 1408 3990; x_wconf 8' lang='grc' dir='ltr'><strong>Ἴ</strong></span> 
     </span>
     <span class='ocr_line' id='line_1_44' title="bbox 270 3989 1310 4074; baseline -0.002 -16"><span class='ocrx_word' id='word_1_342' title='bbox 270 3993 310 4058; x_wconf 92' lang='lat' dir='ltr'><strong>ab</strong></span> <span class='ocrx_word' id='word_1_343' title='bbox 328 3994 478 4056; x_wconf 89' lang='lat' dir='ltr'><strong>universa</strong></span> <span class='ocrx_word' id='word_1_344' title='bbox 500 3992 626 4056; x_wconf 87' lang='lat' dir='ltr'><strong>ratione</strong></span> <span class='ocrx_word' id='word_1_345' title='bbox 648 3989 807 4058; x_wconf 88' lang='lat' dir='ltr'><strong>Velleium</strong></span> <span class='ocrx_word' id='word_1_346' title='bbox 828 3995 867 4073; x_wconf 86' lang='grc'><strong>2,</strong></span> <span class='ocrx_word' id='word_1_347' title='bbox 890 3997 968 4074; x_wconf 83' lang='grc'><strong>112,</strong></span> <span class='ocrx_word' id='word_1_348' title='bbox 992 3997 1024 4056; x_wconf 87' lang='grc'><strong>7.</strong></span> <span class='ocrx_word' id='word_1_349' title='bbox 1047 3993 1110 4056; x_wconf 82' lang='grc' dir='ltr'><em>Ιιοο</em></span> <span class='ocrx_word' id='word_1_350' title='bbox 1126 4015 1201 4057; x_wconf 79' lang='lat' dir='ltr'><strong>vero</strong></span> <span class='ocrx_word' id='word_1_351' title='bbox 1217 4005 1310 4058; x_wconf 86' lang='lat' dir='ltr'><strong>tem-</strong></span> 
     </span>
     <span class='ocr_line' id='line_1_45' title="bbox 264 4075 1308 4165; baseline 0 -25"><span class='ocrx_word' id='word_1_352' title='bbox 264 4099 350 4162; x_wconf 86' lang='lat' dir='ltr'><strong>pore</strong></span> <span class='ocrx_word' id='word_1_353' title='bbox 360 4077 533 4164; x_wconf 69' lang='lat' dir='ltr'><strong>Agrippa,</strong></span> <span class='ocrx_word' id='word_1_354' title='bbox 549 4076 606 4164; x_wconf 84' lang='lat' dir='ltr'><strong>qui</strong></span> <span class='ocrx_word' id='word_1_355' title='bbox 621 4075 737 4141; x_wconf 74' lang='lat' dir='ltr'><strong>coelom</strong></span> <span class='ocrx_word' id='word_1_356' title='bbox 749 4075 823 4157; x_wconf 82' lang='lat' dir='ltr'><strong>dis,</strong></span> <span class='ocrx_word' id='word_1_357' title='bbox 848 4101 910 4165; x_wconf 85' lang='lat' dir='ltr'><strong>quo</strong></span> <span class='ocrx_word' id='word_1_358' title='bbox 923 4076 1096 4160; x_wconf 64' lang='lat' dir='ltr'><strong>Tiberius,</strong></span> <span class='ocrx_word' id='word_1_359' title='bbox 1118 4077 1308 4164; x_wconf 78' lang='lat' dir='ltr'><strong>adoptatus</strong></span> 
     </span>
     <span class='ocr_line' id='line_1_46' title="bbox 233 4159 1308 4252; baseline 0.001 -24"><span class='ocrx_word' id='word_1_360' title='bbox 233 4183 246 4248; x_wconf 52' lang='lat' dir='ltr'><em>J</em></span> <span class='ocrx_word' id='word_1_361' title='bbox 270 4161 313 4250; x_wconf 74' lang='lat' dir='ltr'><strong>ab</strong></span> <span class='ocrx_word' id='word_1_362' title='bbox 329 4185 391 4228; x_wconf 79' lang='lat' dir='ltr'><strong>ooo</strong></span> <span class='ocrx_word' id='word_1_363' title='bbox 409 4185 469 4226; x_wconf 85' lang='lat' dir='ltr'><strong>suo</strong></span> <span class='ocrx_word' id='word_1_364' title='bbox 483 4161 639 4229; x_wconf 81' lang='lat' dir='ltr'><strong>natarali</strong></span> <span class='ocrx_word' id='word_1_365' title='bbox 660 4159 718 4226; x_wconf 80' lang='lat' dir='ltr'><strong>die</strong></span> <span class='ocrx_word' id='word_1_366' title='bbox 740 4173 773 4228; x_wconf 84' lang='lat' dir='ltr'><strong>et</strong></span> <span class='ocrx_word' id='word_1_367' title='bbox 790 4163 864 4230; x_wconf 85' lang='lat' dir='ltr'><strong>iam</strong></span> <span class='ocrx_word' id='word_1_368' title='bbox 886 4159 1169 4249; x_wconf 57' lang='lat' dir='ltr'><strong>antedictarum,</strong></span> <span class='ocrx_word' id='word_1_369' title='bbox 1191 4163 1308 4252; x_wconf 80' lang='lat' dir='ltr'><strong>qualis</strong></span> 
     </span>
    </p>
   </div>
   <div class='ocr_carea' id='block_1_3' title="bbox 0 0 1438 4754">
    <p class='ocr_par' dir='ltr' id='par_1_3' title="bbox 0 0 1438 4754">
     <span class='ocr_line' id='line_1_47' title="bbox 0 0 1438 4754; baseline 0 0"><span class='ocrx_word' id='word_1_370' title='bbox 0 0 1438 4754; x_wconf 95' lang='lat' dir='ltr'><strong> </strong></span> 
     </span>
    </p>
   </div>
  </div>
 </body>
</html>
