2786 4748
479 285 751 408 nrovn'nc.
844 420 846 427 s
965 377 967 386 .
1077 324 1138 389 511

167 491 222 563 que
238 485 317 552 atta,
334 496 421 560 atqua
435 477 582 547 altaflvtd.
600 481 682 536 Hadr.
700 478 833 539 cardinal.
847 499 874 550 p.
892 478 935 536 59.
949 497 975 546 ¹a.
994 483 1046 536 Iac.
1054 481 1141 544 ,G10.

166 595 226 628 nov.
240 575 273 628 ad
294 574 363 627 Gall.
381 571 416 638 7,
435 570 478 623 14.
497 569 697 627 Drakenborch.
714 568 748 619 ed
768 567 813 620 sit.
831 567 892 620 Ital.
911 571 943 633 1,
962 565 1005 620 98.
1059 615 1063 632 ,

162 679 211 754 ,6.
243 678 321 742 Post
342 696 404 738 neo
427 671 565 760 ponitus
588 683 688 758 atque
704 692 743 734 eo
766 667 889 750 modo,
912 683 1044 756 quaet,
1069 693 1141 758 que,
1186 683 1189 694 ·

95 761 182 848 apud
200 774 317 850 poetas
333 757 467 846 quidem
487 768 519 823 et
534 757 730 830 recentiores
746 757 931 842 scriptores.
972 755 1141 840 Ernestius
1190 821 1193 830 ,

99 846 139 909 ad
159 845 294 915 Sueten.
306 845 404 932 Vesp.
425 847 473 933 12.
492 843 641 930 loquitur
656 849 825 926 tamquam
840 835 880 904 do
896 863 931 905 re
951 847 1140 930 pervagata:
1212 855 1215 864 ·

86 931 154 996 'sed
175 955 249 996 rara
273 939 350 1020 sunt
372 929 522 1016 exempla
547 936 578 992 et
597 941 701 1008 nova,
729 931 761 989 et
783 924 979 1012 plerumque
1001 927 1035 990 in
1059 951 1143 992 oon-

45 1081 48 1088 ,
98 1017 268 1082 iunctione
294 1013 428 1078 aliarum
455 1009 709 1100 particularum,
726 1007 827 1082 ueluti
844 1033 886 1074 aa
901 1045 943 1060 -
958 1012 1079 1092 etiam,
1101 1035 1144 1078 ac

99 1103 222 1165 minuo.
265 1095 541 1172 Ruhnkoniusad
559 1095 672 1164 Vellei.
694 1091 728 1162 P.
748 1097 787 1176 2,
810 1097 863 1160 tt.
883 1119 1019 1184 prorsus
1043 1097 1143 1186 repu‘-
1195 1153 1197 1160 .

100 1187 199 1256 diuvit
216 1181 401 1250 docuinam
418 1207 456 1248 ex
473 1181 554 1247 locis
570 1182 736 1248 mendosis
753 1181 883 1246 ductam
900 1192 931 1246 et
948 1180 1158 1252 conilatamr'
1231 1240 1235 1246 .
1294 1174 1296 1182 ¹
1322 1233 1328 1252 1

41 1277 43 1282 ’
101 1272 158 1338 sed
179 1295 277 1359 quem
294 1283 462 1346 auctorem
478 1265 575 1333 huius
592 1263 770 1334 sententiae
792 1265 913 1350 laudat,
928 1267 1092 1336 Bentleius
1111 1277 1144 1332 et

100 1357 134 1422 in
151 1356 265 1424 Horat.
287 1353 351 1442 Ep.
375 1360 430 1436 16,
453 1359 483 1418 6.
505 1356 593 1420 etin
619 1351 725 1418 Sorm.
749 1358 785 1431 1,
805 1357 843 1430 6,
865 1357 917 1416 68.
942 1353 1143 1441 corrigendis

104 1443 165 1518 alia
191 1442 339 1532 pensavit
363 1449 572 1528 argumenta,
596 1461 665 1504 non
681 1434 857 1527 particulae
872 1435 997 1503 vitium.

205 1544 318 1596 Martial.
346 1542 394 1607 11,
421 1539 525 1612 aaa.
558 1561 606 1596 nee
638 1539 725 1594 clavis
758 1561 807 1594 nea
840 1543 915 1594 canis
944 1551 1028 1612 atque
1061 1539 1144 1599 calix.

173 1628 256 1682 Tacit.
281 1632 341 1695 Agr.
368 1629 409 1679 1'0.
435 1638 578 1688 naturam,
595 1627 701 1682 Oceani
725 1637 810 1697 atque
832 1637 923 1678 aestus
950 1644 1036 1697 neque
1062 1646 1144 1698 quae-

171 1735 229 1768 rere
247 1713 328 1766 huius
348 1717 441 1781 operis
461 1716 513 1778 ist,
539 1733 572 1767 aa
593 1712 674 1764 multi
688 1712 812 1765 retulere.
849 1715 953 1767 Suetou.
972 1714 1079 1782 Vespas.
1102 1713 1143 1768 12.

172 1792 391 1852 mediocritatem
409 1801 556 1865 pristinam
574 1817 660 1867 neque
677 1795 867 1851 dissimulavit
882 1813 1020 1868 umquam,
1037 1817 1070 1849 aa
1080 1795 1145 1867 sre-

170 1894 284 1956 quenter
301 1886 386 1936 etiam
403 1901 471 1951 prae
494 1901 524 1935 se
548 1881 622 1935 tulit.
646 1883 698 1934 vid.
717 1901 809 1944 unove.
846 1884 917 1943 Quae
937 1883 1094 1934 Scluvarzius
1108 1883 1145 1942 ¹utl

123 1969 126 1976 ’
171 1971 240 2022 Plio.
257 1971 349 2034 Paneg.
365 1963 408 2020 86.
425 1987 451 2038 p.
468 1967 528 2022 537.
550 1963 642 2032 affert,
663 1967 759 2019 diversi
778 1977 838 2018 sunt
854 1967 965 2034 generis.

119 2092 149 2106 *·
187 2077 220 2136 6.
253 2069 392 2150 Eorum,
414 2091 496 2156 quae
511 2070 760 2157 proposuimus,
785 2070 954 2134 veritatem
971 2069 1056 2134 nihil
1070 2092 1144 2133 ma-

101 2160 150 2246 gis
168 2156 382 2242 comprobat,
405 2177 503 2240 quam
518 2165 697 2243 'poetarum
721 2155 927 2238 aliorumque
944 2155 1144 2242 scriptorum

1 2318 4 2326 ,
102 2265 192 2324 usus,
215 2263 281 2326 quo
296 2243 476 2328 praemisso
495 2253 594 2328 atque
610 2239 804 2328 proximum
815 2239 950 2322 ,additur
965 2261 1080 2326 neque.

216 2345 322 2397 sueton.
345 2343 417 2394 Caes.
435 2342 475 2394 18.
497 2362 529 2395 aa
551 2361 637 2414 neque
655 2328 747 2406 mare,¹
769 2360 854 2413 neque
874 2347 930 2396 iure
951 2338 1145 2412 -profectas

173 2439 223 2482 est.
259 2428 346 2488 Celsus
369 2429 401 2495 1,
424 2428 448 2479 1.
468 2447 552 2482 sanus
577 2428 659 2482 horno
676 2457 710 2470 -
730 2429 816 2486 nuliis
836 2428 961 2497 obligare
986 2427 1146 2500 se·legiirus

172 2513 271 2568 debet.-
301 2533 333 2566 aa
358 2531 444 2583 neque
468 2514 592 2580 medico,
628 2531 714 2584 neque
742 2514 910 2583 iatroalipta
944 2533 1030 2584 egere.
1058 2517 1090 2579 1,
1118 2518 1144 2568 2.

172 2599 205 2664 2,
227 2599 252 2651 1.
270 2602 295 2652 si
312 2617 365 2668 qua
384 2603 468 2652 etiam
484 2617 584 2669 genera
607 2599 762 2653 morborum
781 2603 811 2654 in
829 2597 967 2670 infantem
985 2599 1147 2664 inciderunt,
1233 2653 1235 2658 ,

131 2689 134 2698 “
172 2705 205 2736 aa
224 2681 310 2752 nique
327 2681 486 2750 pubertate,
506 2702 592 2754 nequo
608 2683 705 2752 primis
728 2680 864 2754 coitibus,
885 2704 971 2755 neque
992 2687 1020 2738 in
1036 2677 1147 2752 femina

173 2771 272 2838 primis
291 2771 436 2819 menstruis
448 2763 542 2834 finita
562 2779 635 2820 sunt.
663 2773 689 2820 et
713 2765 750 2818 sic
770 2769 926 2835 saepissime.
954 2761 988 2831 7,
1004 2766 1046 2820 23.
1064 2775 1148 2836 atquo

174 2869 259 2921 neque
283 2845 386 2902 astituri
406 2839 500 2918 facile
528 2849 619 2914 cilius,
650 2864 735 2919 neque
761 2846 895 2904 contineri
918 2863 1019 2921 potest.
1061 2849 1167 2919 'Perga'

174 2937 290 2988 correxit
315 2955 348 2987 aa
369 2951 464 3004 neque.
497 2929 596 2985 Dubius
614 2945 653 2987 est
671 2936 744 2986 locus
763 2933 794 2997 8,
814 2935 837 2986 1.
856 2950 882 3003 p.
904 2931 962 2988 504,
981 2931 1025 2986 ubi
1043 2927 1147 2988 co'dioe's

172 3021 347 3089 praebentur
364 3035 451 3087 neque.
467 3016 537 3072 inter
556 3018 702 3072 durissima
722 3037 784 3075 assa
803 3020 1018 3072 numerandum:
1044 3021 1146 3089 dequo

158 3101 224 3172 alid.
245 3105 347 3170 Targae
366 3100 447 3170 Epist.
465 3122 491 3170 p.
511 3098 570 3155 560.
586 3115 588 3122 ’
606 3103 693 3156 Veler.
719 3104 804 3155 Flaac.
828 3102 862 3168 4,
888 3103 946 3156 128.
970 3107 1053 3174 atque
1072 3096 1144 3156 adeo

173 3191 259 3258 'neque
269 3193 332 3259 ego
347 3185 417 3240 hana
433 3187 516 3241 motis
535 3198 656 3242 auertere
676 3189 765 3241 ventis
786 3190 894 3243 tentavi
909 3173 1041 3259 tenuiqui'
1051 3199 1148 3253 ratem,
1201 3209 1203 3212 ·

176 3289 224 3325 neo
242 3275 298 3326 iam
315 3287 393 3354 mora
412 3274 496 3325 morti
514 3270 577 3326 irino
595 3276 647 3327 erit
662 3272 725 3326 ulla·
740 3284 813 3327 tuae.

102 3373 104 3378 ’
188 3376 220 3436 7.
253 3369 363 3438 Potest
381 3398 418 3439 eu
435 3375 594 3451 ouationie
615 3399 709 3462 pers,
731 3377 782 3450 oui
806 3363 949 3463 praefixo
974 3381 1021 3438 est
1043 3370 1148 3464 parti·
1173 3389 1177 3398 ’

105 3456 177 3524 aula
204 3480 262 3536 ao,
299 3457 469 3548 longius'a
492 3454 625 3547 reliquis
656 3460 810 3544 distrahi,
844 3461 929 3524 inter
957 3461 1045 3530 ositis
1079 3459 1147 3524 aliis

104 3536 293 3610 sententiis:
316 3545 349 3608 id
366 3544 455 3632 quod
471 3545 577 3634 ipsum
591 3545 761 3634 distinguit
776 3569 793 3610 a
807 3483 966 3633 particuia
985 3555 1028 3610 et.

116 3699 119 3706 ,
211 3644 264 3696 Cic.
285 3650 358 3698 Orat.
377 3647 426 3711 14,
446 3647 489 3702 48.
511 3652 641 3718 quoniam
657 3653 713 3703 tria
727 3646 849 3701 videnda
865 3655 929 3698 sunt
947 3649 1061 3708 oratori,
1082 3645 1150 3716 quiri
1190 3667 1192 3676 ·

175 3727 267 3796 dieat,
285 3742 313 3784 et
330 3749 383 3802 quo
402 3731 520 3802 qmdqae
539 3731 608 3786 ioco*
626 3743 655 3787 et
679 3732 837 3804 quomodos
862 3729 1007 3784 dicendum
1036 3735 1148 3786 onmino

169 3823 234 3876 est,
256 3816 322 3884 qaid
341 3819 536 3887 sit·optimum
561 3821 590 3872 in
612 3817 748 3892 singuiis,
771 3817 820 3872 sed
845 3815 991 3886 aliquanto
1014 3805 1090 3869 secus
1107 3826 1150 3876 at-

175 3913 227 3967 que
246 3901 275 3950 in
293 3900 429 3952 ardenda
447 3912 507 3956 arte
533 3901 591 3956 diei
607 3902 689 3956 solet.
725 3898 816 3954 Nulla
838 3910 986 3971 praesepta
1014 3916 1150 3970 ponemus

175 3982 275 4052 (neque
293 3988 365 4039 enim
383 3984 413 4036 id
430 3988 633 4055 suscepimus),
653 3986 702 4040 sed
719 3985 880 4043 excelientis
898 3985 1073 4056 eloquentiae
1089 4001 1151 4056 sps·

165 4069 244 4143 ⁴aiem
270 4079 299 4123 et
315 4063 445 4139 formam
469 4067 716 4125 adumbrabimusr
740 4089 789 4124 nea
806 4067 903 4140 quibus
922 4063 1002 4124 rebus
1019 4087 1053 4123 ea
1071 4086 1150 4138 pare·

120 4200 123 4208 ,
175 4161 228 4218 tur,
243 4169 435 4227 exponemus:¹
445 4155 495 4212 sed
512 4152 603 4225 qualis
620 4153 702 4226 nobis
716 4173 776 4213 esse
791 4155 929 4214 videatur.
959 4154 1002 4210 Aa
1015 4149 1075 4207 ciuo
1092 4149 1150 4210 bre·
