2866 4754
588 321 718 392 ANTE.
867 289 871 294 ’
1033 391 1035 403 ,
1114 334 1229 428 ers¹

201 493 247 536 tas
264 479 390 536 videmus
406 475 533 550 proxime
551 497 570 531 a
591 481 641 558 M.
659 477 781 540 Aemilio
802 481 925 536 Scauros
942 495 1008 540 ante
1027 495 1122 540 autern
1138 486 1174 540 ab

200 567 294 625 Asilio
316 564 448 622 Calatino
466 563 629 618 emt.Fidss
644 557 812 620 consecratas
845 569 928 623 Pleut.
950 571 1024 637 ant.
1043 568 1070 632 3,
1089 570 1113 636 1,
1132 570 1175 625 14.

178 705 180 714 ,
200 655 259 724 ipsi
276 649 430 716 obsonant,
460 668 530 721 quae
551 651 741 719 parasitorum
766 658 840 708 ante.
854 662 916 706 erat
934 656 1089 724 provincia·
1113 655 1131 706 i.
1150 674 1175 711 e.

200 739 309 806 entique
329 747 457 804 ternpore.
736 725 739 730 ¹
1101 753 1104 760 ’

235 843 300 892 Cum
316 840 395 910 prius
418 836 554 888 coniunxit
577 836 680 906 Plautus
704 837 779 888 Trin.
801 833 834 901 6,
853 836 886 905 2,
904 839 945 894 17.
963 859 1043 913 quem
1059 859 1110 913 ego
1126 861 1175 896 nee

158 990 161 1005 a
200 925 249 998 qni
275 933 348 977 esset
370 939 484 985 noram,
510 939 596 992 nsque
622 940 685 974 eam
703 931 769 975 ante
787 939 909 992 usquam
933 929 1064 996 conspexi
1086 931 1178 997 prius.
1199 917 1201 924 ’

118 1021 119 1024 ’
200 1008 276 1077 Apud
293 1008 454 1060 recentiores
480 1007 623 1076 scriptores
647 1009 715 1058 cum'
729 1007 896 1058 substantivis
923 1011 1088 1078 coniungitur
1108 1011 1172 1062 sinr-

196 1091 312 1162 pliciter.
348 1095 422 1144 Curt.
442 1093 559 1157 10,10,
578 1090 604 1142 7.
622 1094 726 1164 quippe
745 1087 847 1157 paullo
865 1102 931 1145 ante
954 1099 1027 1166 regis
1046 1095 1174 1162 ministri,

197 1179 291 1247 specis
314 1177 424 1246 imperii
440 1176 538 1233 >alieni
563 1175 746 1248 procurandi,
781 1175 888 1248 singuli
915 1180 1041 1250 ingentia
1066 1183 1173 1234 invase·

197 1271 263 1316 rant
281 1279 375 1332 regna.

232 1367 317 1417 Verre
335 1365 369 1419 de
387 1367 444 1416 Lat.
461 1366 492 1418 L.
508 1361 544 1429 4,
562 1364 587 1432 1.
613 1365 702 1420 multa
718 1365 804 1422 verba
823 1367 905 1424 aliud
926 1367 1171 1434 annemundum,

196 1449 278 1506 atiud
292 1461 358 1506 ante
375 1448 584 1524 significabant.
621 1452 730 1504 Cimed
746 1455 818 1505 Fam.
835 1452 885 1520 15,
902 1453 950 1518 14,
968 1451 993 1504 5.
1011 1454 1060 1508 sed
1081 1466 1173 1510 tarsen

195 1546 224 1590 et
236 1531 296 1605 leci
313 1547 379 1591 ante
399 1547 427 1590 et
438 1531 525 1605 facio
547 1557 627 1592 nune·
660 1538 695 1588 ed
716 1539 804 1602 Quint.
823 1537 909 1604 ΐτίδ,
924 1538 950 1590 9.
969 1539 1045 1612 quod
1062 1541 1173 1609 quidem

193 1620 296 1676 bonum
315 1620 383 1678 mitri
407 1640 477 1674 nunc
503 1619 620 1694 denique
643 1622 800 1689 redundat,
829 1633 861 1676 ut
878 1622 923 1678 his
941 1623 1024 1680 malis
1040 1621 1172 1694 reipubli-

150 1705 161 1720 ”
193 1726 257 1770 cae,
276 1705 442 1780 licentiaque
461 1693 627 1770 aa‘dactam,
645 1727 700 1780 qua
714 1721 779 1762 ante
795 1707 956 1778 rumpebar,
972 1728 1044 1760 nunc
1056 1728 1101 1762 ,na
1114 1727 1171 1768 mo-

191 1811 259 1848 vear
278 1791 397 1864 quidem·
433 1791 631 1856 ι1111.9,6.
648 1805 715 1849 ante
733 1792 871 1846 sollicitas
888 1813 968 1858 eram¹
987 1803 1016 1846 et
1038 1791 1170 1864 angebar,

190 1903 225 1920 ·-
244 1879 316 1932 nisnc
336 1887 429 1935 autem
444 1904 480 1918 -
499 1895 555 1930 non
573 1893 678 1949 angor,
703 1877 752 1931 sad
778 1876 863 1930 ardeo
882 1876 988 1932 dolore.
1023 1878 1056 1943 7,
1076 1881 1125 1946 11,
1146 1880 1170 1930 1.

193 1964 249 2016 nisi
268 1974 334 2018 ante
357 1963 451 2018 Roma
466 1958 613 2032 profectus
631 1980 721 2026 esses,
741 1982 812 2014 nunc
830 1981 892 2016 eam
910 1975 980 2020 certe
994 1957 1169 2034 relinqueres.

189 2048 247 2131 Isis.
259 2046 309 2113 44,
325 2046 379 2117 38,
395 2047 421 2102 5.
443 2059 577 2122 quantum
595 2065 706 2110 numero
725 2063 777 2100 nos
793 2058 951 2118 praestent,
970 2052 1105 2102 nominem
1124 2067 1170 2101 ve·

191 2141 278 2186 strum
295 2153 344 2186 nec
362 2144 428 2186 ante
445 2137 597 2206 ignorasse,
616 2145 644 2188 et
659 2125 787 2186 iresterna
807 2132 853 2186 die
870 2131 1044 2205 implicatam
1061 2137 1177 2190 intuen-
1231 2119 1234 2132 ⁴

170 2230 173 2238 '
190 2227 232 2272 tes
248 2221 336 2272 aciem
353 2219 582 2273 animadvertisse
606 2229 708 2273 certum
727 2215 826 2274 tabeo.

216 2322 278 2375 Lis.
302 2323 336 2387 2,
362 2321 416 2387 52,
439 2322 467 2376 7.
484 2319 597 2393 fervidi
621 2324 710 2377 animi
726 2326 785 2386 vir,
803 2331 833 2376 ut
853 2324 882 2376 in
903 2318 1017 2390 publico
1042 2319 1166 2390 periculo
1203 2361 1209 2375 .
1267 2343 1269 2354 ’

189 2417 273 2472 ante,
291 2411 332 2462 sio
350 2419 408 2464 tum
427 2409 455 2461 in
473 2425 533 2462 suo.
569 2408 644 2463 ovid.
660 2411 724 2460 Met.
749 2407 781 2471 1,
807 2407 833 2460 5.
857 2416 923 2459 ante
945 2416 1064 2458 marcet
1082 2404 1168 2458 tellus
1278 2413 1280 2420 '

187 2503 224 2555 et,
242 2491 319 2562 quod
337 2495 408 2563 tegit
426 2494 528 2554 omnia,
551 2493 657 2546 coelum
671 2510 740 2545 unus
759 2503 820 2546 erat
841 2501 903 2542 toto
925 2500 1043 2543 naturae
1072 2488 1167 2541 vultus

115 2594 117 2598 '
186 2581 217 2632 in
235 2575 307 2631 orbe.
342 2580 383 2629 Ite
402 2579 487 2634 edidit
506 2579 637 2632 Heinsius.
673 2580 751 2642 Quod
775 2579 799 2628 si
824 2578 858 2628 ob
881 2576 933 2628 vim
951 2574 1081 2643 poeticam
1097 2593 1163 2642 pro·
1254 2587 1256 2602 ·

186 2662 293 2727 bemus,
317 2663 498 2716 antedictum
517 2675 557 2715 est
574 2683 623 2734 pro
642 2662 678 2716 ab
696 2665 777 2716 initio
798 2681 902 2721 rerum,
921 2669 987 2714 ante
1005 2679 1094 2712 rerum
1112 2664 1166 2713 ori-

186 2751 288 2820 ginem.
324 2748 375 2798 sed
399 2765 448 2818 pro
474 2747 543 2802 olim
566 2750 755 2818 posuitpoeta
775 2743 1071 2818 Fast.1,337.ante‚
1098 2743 1166 2798 deos

90 2853 92 2860 ’
183 2829 291 2886 homini
316 2831 391 2901 qaod
416 2830 566 2886 conciliare
590 2830 712 2896 valeret,
732 2825 789 2900 far
814 2837 883 2884 erat.
919 2829 983 2883 Her.
1012 2829 1044 2893 1,
1064 2826 1106 2878 44.
1132 2839 1166 2880 at

186 2915 255 2972 irene
268 2926 365 2969 cautus
375 2968 376 2976 ,
385 2934 446 2968 eras
464 2927 528 2969 ante
544 2918 607 2978 mei.

271 2997 273 3004 '
341 2991 344 3014 1

203 3025 261 3086 12.
288 3020 595 3105 Conscqrurtionem
618 3019 824 3084 constituunt
842 3015 1002 3080 vocabula
1026 3025 1106 3084 oute
1130 3026 1164 3077 et
1204 3089 1207 3097 Ι

108 3116 216 3196 post,
232 3117 373 3192 postea,
395 3115 468 3186 tum
483 3114 517 3167 et
530 3105 608 3180 olio,
633 3125 715 3190 quae
738 3104 835 3167 rebus
856 3100 1017 3165 contineri
1031 3109 1162 3185 tempus

115 3191 280 3260 indicant:
314 3191 353 3255 ln
366 3189 416 3254 his
434 3201 514 3262 onte
534 3193 691 3256 vertimus
709 3191 843 3268 vorlrcr,
865 3197 1007 3272 rorerst.⁴
1045 3187 1163 3248 Poetae

113 3275 151 3342 id
168 3276 437 3363 adeousurpant‚
453 3287 488 3339 ut
503 3275 660 3364 significet
678 3275 720 3338 ab
740 3275 858 3349 iniere,
887 3269 1052 3358 onfangs.
1084 3271 1162 3334 sed

116 3363 171 3442 olii
188 3383 321 3452 quoquc
337 3363 514 3450 scriptores
529 3358 663 3452 ponunt
674 3383 738 3448 pro
747 3362 860 3448 prins.
1011 3359 1014 3364 ’

219 3484 309 3538 Celsus
327 3483 362 3549 8,
380 3483 433 3549 10,
446 3482 472 3536 7.
492 3503 525 3552 ρ..
537 3481 599 3554 541,
619 3493 708 3535 cetera
734 3493 761 3534 et
786 3492 851 3534 ante
869 3486 982 3550 etpost
1000 3473 1096 3529 eadem
1107 3470 1159 3543 fa-

183 3566 299 3632 cienda,
324 3588 395 3639 quaa
421 3586 505 3644 supra
530 3571 636 3640 scripsi,
672 3564 768 3634 6,15.
795 3567 902 3638 quoties
929 3571 1022 3634 autem
1041 3559 1160 3614 medica-

183 3644 306 3706 mentum
322 3656 457 3716 inficitur,
475 3665 503 3708 et
519 3665 585 3708 ante
599 3663 627 3706 et
645 3661 712 3722 post
730 3669 761 3703 os
779 3645 943 3710 diluendum
962 3658 1013 3700 est.
1034 3645 1160 3697 columet.

139 3802 143 3812 l
182 3737 217 3789 de
240 3740 280 3790 lte
303 3757 326 3790 r.
355 3740 405 3803 11,
424 3739 467 3803 Ι1,
496 3739 540 3794 32.
565 3743 592 3794 si
616 3755 778 3808 persuasum
802 3733 944 3794 habuerit,
973 3728 1056 3782 modo
1085 3739 1159 3796 anta,

110 3847 113 3852 ·
183 3822 268 3876 modo
287 3833 370 3893 post,
393 3824 530 3878 issterdum
552 3826 731 3879 etiamstato
749 3820 794 3874 die
811 3819 927 3872 orientis
944 3816 991 3869 vel
1010 3815 1160 3869 occidentis

181 3919 334 3977 competere
351 3911 408 3975 vim
433 3908 542 3963 sideris.
577 3909 645 3959 Cels.
663 3906 696 3972 8,
716 3906 765 3970 10⁴,
786 3904 810 3957 1.
828 3906 852 3956 si
870 3913 935 3956 ante
951 3906 1075 3974 reposita
1094 3917 1159 3953 ossa

180 4011 238 4046 non
255 4002 335 4057 sunt,
361 4002 429 4062 post
454 4012 516 4046 eam
532 3992 691 4062 seponenda
718 4001 790 4044 sunt.
822 3988 869 4039 alii
894 3983 1003 4058 postca.
1038 3981 1158 4047 Licet

178 4076 231 4142 32,
250 4075 276 4128 5.
295 4075 425 4148 precibus
441 4075 580 4148 agebant,
605 4097 639 4130 ne
659 4067 809 4148 proderent
824 4075 948 4142 patriam
965 4075 1081 4145 tyranni
1095 4081 1160 4122 ante

181 4161 353 4220 satellitibus
370 4173 399 4218 et
417 4172 476 4217 tam
493 4158 700 4232 corruptoribus
719 4160 863 4218 exereitus.
897 4157 948 4226 22,
965 4158 1016 4223 22,
1035 4155 1073 4210 6.·
1089 4151 1161 4210 Ate·
