2834 4756
429 330 434 340 ’
496 375 656 456 trouu.
698 377 764 442 ac.
999 469 1003 476 Ι
1083 379 1146 443 ass

106 549 199 610 mus,
228 519 364 616 proprie
386 526 543 614 significat
565 541 598 593 et
621 528 698 616 ari,
713 527 925 617 eamdemque
948 528 1048 593 habet
1069 528 1144 592 lor·

104 635 213 694 marn,
239 635 303 700 qua
326 612 447 677 Plinius
467 621 592 678 norum
615 615 750 684 verbum
769 619 972 702 praeterque
993 599 1166 678 confecit'

14 698 17 709 '
106 699 230 762 Gellius
249 704 307 780 10,
341 703 392 776 29.
416 701 618 788 contrarium
641 703 783 788 appellat
807 703 872 764 anti
897 721 976 766 uum
1001 701 1143 764 uocabu-

103 784 174 847 lum
190 784 315 872 dcqae:
337 785 388 849 cui
404 785 509 847 simile
526 795 570 846 est
590 783 721 874 absque.
756 785 798 847 Et
816 789 848 849 in
866 725 1021 850 lllormula
1037 786 1142 862 Dotis,

44 943 47 951 Ι
104 891 203 956 quam
219 869 358 932 Beckius
374 868 527 955 singulari
544 869 655 932 libello
672 870 842 933 illustravit
853 870 939 952 (ride
954 885 1029 955 eum
1045 894 1077 956 p.
1095 870 1141 953 7.)

102 957 136 1018 in
154 953 421 1039 inscriptionibus
442 953 529 1039 apud
549 955 681 1018 Gruter.
695 977 731 1040 p.
747 959 819 1023 266,
846 962 874 1018 1.
896 979 931 1041 p.
948 960 1021 1019 837.
1048 975 1075 1018 v.
1090 959 1141 1032 21.

44 1087 48 1101 .
103 1039 178 1102 412.
195 1044 262 1102 n.3
283 1042 361 1120 etl.
385 1039 461 1126 (vid.
480 1039 590 1103 Noris.
609 1041 643 1102 in
660 1038 842 1123 Ceuotaph.
865 1040 928 1101 Pis.
947 1041 1032 1104 Diss.
1058 1039 1089 1116 4,
1110 1043 1142 1118 2,

101 1129 191 1271 Ἢ).
209 1126 282 1188 458.
306 1145 340 1210 p.
357 1106 432 1188 215.
445 1123 583 1209 Harles.)
601 1133 632 1188 ct
655 1125 690 1188 in
715 1123 880 1186 codicibus
905 1123 1141 1210 antiquioribus

118 1231 147 1274 vr
174 1231 190 1271 e

205 1202 444 1272 Burmannus
458 1209 594 1272 Sueton.
622 1211 712 1273 Caes.
736 1213 788 1277 29.
820 1205 924 1272 Maius
949 1210 988 1272 ad
1011 1211 1078 1273 Cic.
1102 1210 1142 1273 de
1243 1199 1256 1272 J

10 1339 11 1344 κ
101 1211 184 1381 ltep.
202 1299 239 1374 1,
260 1299 292 1357 7.
315 1294 463 1357 Blumius
482 1295 522 1356 de
538 1295 620 1359 Livii
637 1295 751 1359 codice
769 1293 1002 1358 veronensi'ln
1024 1294 1140 1358 Museo

78 1405 83 1438 ι
100 1378 249 1442 rhenano
265 1378 305 1442 ll.
323 1402 356 1466 p.
371 1379 588 1466 342.)legitur
600 1395 733 1457 nuova.
746 1378 834 1466 quod
849 1379 1025 1443 etiamsiim
1052 1380 1139 1443 eritis

10 1513 11 1516 ,
101 1464 212 1529 scribis
229 1474 260 1527 et
276 1462 453 1526 artillcibus
468 1485 536 1540 non
558 1465 662 1528 doctis
684 1465 866 1543 tribuatur,
897 1474 1008 1527 tamen
1028 1401 1139 1526 lenio-

98 1571 170 1614 rem
190 1550 513 1634 pronuntiationem,
534 1567 596 1636 qua
613 1551 661 1613 illi
683 1551 811 1638 decepti
834 1549 976 1622 fuerint,
996 1548 1142 1612 ostendit

99 1635 197 1723 vulgo
215 1633 466 1721 frequentatam.
511 1633 698 1699 Gerhard'us
710 1638 867 1714 Vossius,
888 1647 922 1698 ut
939 1636 1070 1698 doceret
1085 1631 1139 1698 αι’-

99 1743 162 1808 que
177 1741 217 1784 ex
237 1742 279 1783 ac
293 1724 327 1784 et‘
340 1743 400 1810 quc
422 1719 545 1783 factum
563 1744 649 1799 esee,
679 1718 890 1808 reprehendit
904 1721 1140 1798 Becmannum,

99 1806 155 1894 qui
173 1829 215 1868 ac
230 1805 431 1869 decurtatam
458 1803 601 1869 formam
627 1807 775 1870 vocabuli
801 1817 920 1893 atque,
944 1807 1010 1870 sive
1036 1822 1140 1892 acque

98 1889 326 1978 appellaverat.
378 1891 441 1968 Sed
464 1891 528 1954 hoc
556 1911 668 1955 verum
697 1897 788 1972 esse,
819 1894 867 1955 vel
889 1894 1017 1978 ipsum,
1048 1888 1139 1976 quod

97 1977 233 2040 Vossius
250 1974 353 2050 allert,
378 1977 565 2064 e'xem'plum
582 1977 671 2046 verbi
688 1999 749 2048 nec
764 1979 979 2064 comprobat:
1004 1977 1036 2040 id
1049 1976 1139 2037 enim

97 2062 130 2125 in
152 2085 186 2124 se
206 2061 304 2125 babet
329 2062 397 2124 vim
420 2061 596 2148 copulandi
618 2085 676 2150 per
700 2085 761 2148 que
784 2084 982 2148 expressam.
1031 2062 1138 2148 Atque

96 2145 182 2210 lianc
207 2167 279 2209 rem
306 2157 398 2212 acute
420 2143 630 2233 perspexerat
650 2169 734 2210 tinus
757 2148 917 2236 Scaliger,
944 2147 983 2210 de
1010 2145 1141 2222 Caussls

96 2233 170 2298 Lat.
188 2232 267 2324 ling.
279 2238 333 2318 t,
355 2237 429 2316 22.Ἰ
443 2233 533 2296 cuius
557 2233 750 2299 sententiam
774 2231 978 2314 Becmannus
999 2230 1139 2295 fideliter

97 2328 252 2406 sequutus
273 2328 332 2381 est.
375 2318 491 2404 Neque
518 2318 615 2401 igitur
637 2339 711 2380 curn
728 2321 848 2383 Vossio
867 2341 908 2382 ac
933 2317 1137 2382 censebimus

96 2405 207 2467 ortum
225 2425 293 2466 esse
309 2426 325 2467 e
343 2403 470 2470 Graeco
491 2408 560 2484 ael,
583 2413 708 2468 mutato
722 2401 904 2470 litteraruiu
921 2403 1054 2479 ordine,
1076 2423 1137 2465 ne—

96 2510 160 2576 que
177 2510 251 2552 curn
267 2488 335 2556 aliis
352 2477 510 2580 originem
530 2490 917 2580 particulae-quaeremus
934 2490 966 2552 in
983 2489 1136 2555 hebraico
1211 2559 1213 2564 ,

94 2593 155 2652 su,
183 2573 240 2637 sed
263 2585 464 2638 contractam
490 2595 602 2639 vocem
628 2587 726 2661 atquc
750 2596 982 2660 agnoscemusr
1013 2574 1158 2660 quippe*

95 2660 172 2746 quia
190 2669 276 2722 certa
298 2660 495 2738 documenta
512 2661 682 2747 copulatae
706 2659 987 2748 pronuntiationis
1010 2661 1137 2722 littera·

82 2753 170 2808 “rum
197 2744 223 2807 G
250 2755 281 2810 et
307 2743 338 2807 T
363 2747 586 2814 assonantium
611 2746 706 2808 etiarn
733 2748 765 2809 in
790 2747 859 2810 aliis
887 2742 1051 2819 roctrliulis
1072 2763 1136 2805 ex-

93 2839 192 2894 stant.
238 2830 342 2898 Sicuti
367 2853 408 2893 ac
431 2851 515 2916 pene
545 2843 601 2914 atc
624 2829 780 2908 sonabat,
808 2832 853 2893 ita
879 2829 977 2892 aricio
1004 2848 1137 2912 quoque

95 2915 229 2993 antula,
252 2915 343 3000 quod
364 2910 564 2990 eratalar'lai,
593 2935 654 2976 nec
682 2910 884 2992 discrepabat
907 2910 1136 2998 pronuntiatio
1163 2959 1166 2965 -
1233 2915 1253 2927 ”

20 3007 23 3016 “
92 3000 273 3066 verborum
298 3000 493 3088 quicquam,
521 3000 663 3071 iccirco,
702 3008 733 3060 et
756 2997 957 3085 quidquam,
988 2996 1136 3077 'calcitrat

93 3085 221 3151 Tamen
236 3086 301 3148 iam
317 3085 457 3170 antiquis
483 3084 686 3171 temporibus
709 3083 803 3147 multi
831 3094 940 3156 erant,
964 3085 1020 3168 qui
1036 3094 1136 3167 atque

95 3181 128 3236 et
145 3195 187 3235 ac
203 3172 340 3236 omnino
366 3171 508 3232 diverses
535 3191 603 3232 esse
630 3169 851 3235 existimarent
869 3191 983 3248 voces,
1015 3167 1134 3252 'quibus

92 3279 163 3322 non
181 3278 282 3322 unum
300 3251 543 3340 significationis
568 3253 728 3316 ambitum
744 3256 955 3342 assignarent.
996 3249 1045 3316 Ita
1061 3252 1134 3315 No-

91 3345 164 3406 nius
180 3341 356 3408 Marcellus·
379 3347 431 3404 12.
454 3341 506 3404 44.
530 3339 631 3404 aliter
654 3343 718 3432 ego
728 3337 803 3428 jeci
829 3352 861 3404 et
885 3339 1038 3425 loquutus
1061 3357 1135 3398 sum

93 3441 193 3514 atque
209 3439 266 3508 ta,
287 3427 349 3494 lroc
370 3437 419 3492 est
436 3425 539 3494 aliter
554 3447 617 3512 ego
637 3447 679 3488 ac
695 3437 730 3488 ta
755 3424 806 3490 ael
829 3447 930 3512 qaam
942 3435 1001 3518 «ta.
1046 3421 1134 3485 Cha-

90 3515 185 3578 risius
211 3535 244 3600 p.
270 3515 343 3577 204.
374 3524 429 3578 ast
457 3550 493 3560 -
517 3534 585 3600 pro
618 3511 735 3596 atque,-
773 3533 835 3594 pro
863 3533 921 3590 ac,
946 3529 1014 3592 pro
1038 3529 1132 3593 ergo.
1232 3549 1237 3564 ,

91 3598 245 3686 Apuleius
265 3597 303 3662 de
322 3597 481 3684 Orthogr.
502 3622 536 3685 p.
559 3595 823 3668 recantant.
844 3593 933 3681 quod
947 3592 1029 3656 olim
1044 3594 1133 3656 scri·
1222 3615 1226 3622 ¹
1329 3625 1335 3632 -

90 3681 232 3748 bebatur
247 3699 315 3768 par
330 3683 380 3758 l),
405 3682 545 3766 adque
569 3681 777 3772 οοηῐηιιυίῑόἓ
800 3703 889 3744 nrrrrc
905 3691 1043 3764 atque.
1084 3675 1135 3741 Et

91 3781 137 3834 at
156 3780 189 3832 et
214 3767 270 3832 ad
282 3791 350 3858 pro
373 3791 422 3832 ac
445 3767 526 3832 olim
553 3765 748 3846 dicebatur,
777 3769 815 3828 at
836 3773 1054 3832 monamenta
1078 3775 1133 3827 te-

88 3854 494 4001 starrtarantipuissima:
528 3866 648 3938 postea
678 3874 743 3938 per
771 3851 815 3926 G,
847 3873 896 3914 ac
919 3846 1133 3936 dfflerentiae
1170 3870 1173 3881 ·

85 3939 212 4033 gratia
243 3939 310 4004 scri
366 3939 499 4022 placuit
520 3939 635 4001 Plinio
661 3948 812 4009 auctore,
844 3943 887 3999 nc
909 3930 1008 3998 aliud
1030 3955 1132 4020 quam
1161 3995 1163 4000 ,

90 4025 250 4112 copalam
265 4020 465 4112 significare
484 4023 661 4087 videretur.
704 4024 903 4109 Argumenta
918 4016 1007 4083 nulla
1024 4041 1131 4108 expo·
1230 4037 1240 4072 ,¹

91 4119 241 4175 suerunt.
293 4113 505 4193 Quamquam
533 4107 690 4170 vocabula
716 4107 795 4170 hacc
825 4128 894 4170 non
927 4104 987 4169 alia
1009 4127 1045 4168 re
1067 4105 1131 4168 nisi
1214 4167 1223 4191 ,Α
1281 4155 1284 4162 .

90 4193 204 4262 forma
218 4205 251 4259 et
265 4194 342 4260 loco
363 4191 450 4259 inter
480 4215 514 4256 se
534 4191 700 4278 differunt.
729 4188 869 4256 ¹Locuni
897 4192 985 4256 enim
1008 4189 1131 4255 intelli-
