2866 4754
275 341 341 412 aaa
455 314 464 326 “
510 341 523 384 ·-
767 335 839 405 m.

274 497 314 576 2,
337 495 392 562 44.
414 517 483 561 unu
498 490 636 579 impulit
653 511 726 565 me,
748 488 834 554 bueo
857 509 947 554 nuuc
971 488 1109 555 omuino
1136 501 1175 556 ut
1197 490 1326 560 crede-

272 601 358 646 rem.
381 581 490 670 Atque
503 575 600 643 harad
613 576 683 640 scia
699 597 757 650 uu,
780 597 867 662 qrtae
881 574 981 650 dixit,
1002 577 1072 640 aiut
1090 597 1170 640 veru
1187 580 1325 644 omnia.

274 687 390 732 sensus
415 688 485 732 esse
508 672 637 751 potest:
669 683 739 724 non
766 660 864 724 credo
887 660 1102 734 haecomnia
1125 682 1201 726 vera
1227 686 1323 730 csse:

273 761 307 818 et
325 751 371 815 ita
386 770 558 839 perperam
576 746 952 835 explicuitssergmann.
968 745 1002 809 in
1017 748 1142 810 Annot.
1160 748 1200 812 ad
1220 748 1323 837 Elog.

272 835 625 922 Hemstcrbusp.812.
643 843 751 896 tamen
761 829 1002 896 Chremeshaec
1015 832 1102 896 vulta
1113 831 1324 922 'nonimpu-
1368 877 1371 889 ·

271 921 405 998 lituae,
431 920 515 985 haeo
535 918 773 994 utorederem,
796 926 894 1003 atque
918 917 953 1002 (i.
978 939 1007 981 e.
1031 928 1063 982 et
1078 917 1179 999 item,
1193 918 1262 986 sive
1287 931 1323 985 et

272 1005 372 1092 adeo)
395 1005 507 1070 omnia
521 1027 599 1070 vera
621 1026 690 1068 esse
714 1013 866 1090 possunt.
909 1002 997 1094 Nam
1019 1026 1068 1068 au
1088 1003 1211 1088 indicat
1235 1005 1321 1071 alie-

271 1113 352 1156 nam
376 1101 408 1158 et
434 1091 632 1156 contrariam
649 1089 868 1170 sententiam,
892 1104 1077 1174 quam‘nos
1098 1090 1320 1177 exprimimus

204 1247 220 1265 ,
270 1176 378 1243 verbis
401 1175 448 1244 ob*
465 1175 641 1257 cieluuebr,
672 1184 705 1240 ct
726 1173 940 1260 interposita,
973 1195 1057 1322 puae
1080 1176 1318 1262 grammaticos

272 1284 372 1350 saepe
392 1256 529 1335 fefellit,
558 1259 732 1347 negatione
751 1257 792 1322 ab
807 1258 902 1323 uiolet
925 1259 976 1323 vie
990 1261 1095 1324 mehr.
1144 1258 1189 1326 Et
1210 1259 1319 1330 babe-

271 1366 348 1411 mus
363 1347 461 1412 huius
486 1345 679 1411 offensionis
695 1343 900 1418 luculentum
916 1346 1108 1432 exemplum
1126 1345 1160 1410 in
1177 1345 1319 1414 Terent·

271 1433 408 1497 Phorm.
425 1434 469 1511 5,
487 1438 526 1513 2,
549 1437 581 1496 9.
604 1431 648 1495 D.
669 1429 792 1494 Etiam
806 1428 888 1494 idue
903 1425 1044 1511 dulium
1056 1428 1134 1498 eat?
1151 1432 1192 1496 G.
1206 1430 1319 1498 Haud

221 1561 223 1568 -
270 1518 360 1600 s'cio,
383 1515 511 1598 hercle,
530 1528 566 1580 ut
581 1517 729 1594 homost,
759 1537 807 1580 an
830 1525 937 1580 mutet
960 1515 1127 1581 unimam.
1165 1518 1207 1582 D.
1226 1515 1319 1582 Hem

268 1613 377 1668 mutet
391 1600 534 1668 autem?
556 1602 597 1666 (ἱ.
621 1599 756 1666 Nescio.
777 1621 890 1664 uersam
913 1601 945 1665 si
960 1597 1075 1690 sorte,
1098 1599 1186 1671 dico.
1225 1602 1317 1668 Haec

192 1693 195 1706 '
268 1687 371 1775 igitur
395 1684 587 1774 ambiguitas
615 1709 662 1752 ne
689 1684 913 1774 perspicuitati
945 1697 1098 1767 noceret,
1134 1686 1317 1776 prudenter

271 1782 428 1838 caverunt
451 1772 615 1838 constanti
634 1771 780 1858 quodam
802 1792 865 1835 usu
890 1772 1091 1858 antiquiores
1110 1772 1314 1860 scriptorem

246 1858 437 1945 'inquibus
461 1857 496 1922 id
519 1868 595 1924 ante
608 1857 720 1922 omnia
744 1856 939 1932 tenendum,
968 1881 1015 1922 au
1037 1880 1107 1923 non
1129 1856 1315 1944 significare

268 1944 463 2032 simpliciter
481 1941 540 2023 od,
562 1944 620 2009 sed
639 1943 673 2008 iu
691 1941 928 2008 recentioribus
943 1952 1073 2008 tantum
1085 1943 1191 2010 minui
1213 1945 1312 2008 istam

242 2054 246 2059 ·
269 2028 589 2094 rim'disiunctivam.
642 2028 774 2094 Plautus
800 2038 942 2114 quatuor
959 2028 1042 2094 locis
1059 2028 1189 2094 anobis
1206 2028 1312 2094 allatis
1373 2083 1379 2092 .

202 2171 208 2189 ,
266 2115 439 2202 usurpavit
453 2115 566 2179 remeia
580 2115 616 2178 in
631 2113 808 2178 bimembri
825 2112 1060 2179 disiunctione:
1081 2136 1246 2202 nusquam
1261 2115 1312 2179 di-

266 2200 317 2266 xit
336 2199 451 2264 nescio
473 2207 540 2265 aru:
567 2200 620 2264 bis
648 2200 732 2266 dixit
758 2197 854 2264 taut
875 2199 947 2263 seia
967 2223 1037 2264 an:
1054 2199 1199 2266 Mostell.
1216 2206 1255 2275 3,
1278 2206 1310 2277 2,
1421 2239 1422 2246 κ

265 2289 319 2352 96.
335 2283 627 2352 uuuclaunclauud
638 2285 708 2350 scic
721 2282 769 2349 uu
779 2283 962 2372 colloquar.
971 2285 1192 2372 congrediar.
1210 2284 1310 2373 Epid.

264 2371 439 2450 4‚1,16.
469 2367 566 2434 baud
594 2371 666 2435 soie
691 2393 739 2434 uu
762 2369 988 2457 congrediar,
1020 2372 1059 2435 sil
1072 2371 1157 2436 luceo
1181 2393 1224 2436 eu
1249 2381 1315 2436 eat,

225 2531 243 2542 ·
265 2453 325 2518 ubi
346 2454 529 2542 loquuntur
550 2457 587 2520 in
610 2453 819 2522 cunctatione
846 2454 1063 2537 haesitantes,
1094 2455 1153 2521 sed
1175 2456 1309 2522 adrem

263 2539 428 2626 ,agendam
447 2539 653 2606 inclinantes.
695 2541 805 2612 Etiam
822 2540 996 2625 Terentius
1020 2563 1205 2628 numquam
1229 2539 1325 2614 dixit,

264 2625 378 2690 nescia
394 2649 459 2706 au,
482 2625 540 2690 sed
557 2635 700 2712 quatuor
716 2625 798 2692 loeis
812 2624 908 2692 taust
921 2627 991 2690 saio
1008 2649 1066 2691 un.
1095 2627 1197 2692 Andr.
1213 2631 1252 2706 8,
1275 2632 1309 2708 2,

263 2710 317 2778 45.
340 2709 478 2776 Phorm.
501 2713 541 2793 6,
562 2718 604 2792 2,
620 2716 653 2778 9.
676 2710 768 2778 Adel.
785 2711 822 2788 4,
843 2711 883 2785 5,
905 2717 971 2777 38.
1035 2709 1192 2807 trisselius
1214 2711 1310 2776 barud

263 2797 337 2864 acio
361 2811 421 2862 uu*
434 2795 534 2863 illum
563 2796 689 2862 misere
711 2819 805 2862 nuuc
833 2798 940 2862 amat.
1008 2807 1093 2862 cauto
1121 2799 1228 2877 5„2,
1256 2797 1308 2862 46.
1360 2815 1365 2822 ·

264 2881 373 2947 etiam
385 2881 484 2948 baud
505 2881 576 2948 scio
593 2906 640 2950 uu
661 2905 800 2948 uxorem
826 2880 943 2947 darent.
973 2882 1030 2946 ubi
1054 2881 1306 2946 Westerbovius
1363 2956 1365 2962 ¹

263 2965 351 3034 bene
367 2968 570 3050 observavit,
592 2989 660 3034 esse
681 2967 862 3034 formulam
875 2968 1059 3033 ¹verecunde
1074 2977 1105 3031 et
1123 2967 1237 3032 timide
1255 2991 1308 3034 as-

21 3102 55 3123 „
153 3097 156 3100 -
204 3059 214 3076 ‘
263 3054 452 3118 severantia.
481 3053 632 3134 Cicero,
658 3053 767 3124 Livius
785 3042 887 3119 etalii
910 3054 1088 3140 scriptores
1111 3053 1226 3117 nescio
1247 3075 1305 3132 eu,

103 3185 107 3196 ¹
160 3162 162 3168 ¹
263 3137 411 3213 subaud
424 3138 494 3203 scio
510 3161 557 3203 eu
572 3139 617 3203 ita
630 3139 803 3219 dixerunt,
823 3148 861 3202 ut
876 3135 1136 3236 affirmationem
1145 3149 1306 3232 ponerent

258 3245 333 3291 ,non
349 3223 454 3288 modo
472 3246 514 3288 ex
537 3223 642 3290 aliena
666 3234 722 3288 aut
744 3223 871 3288 ironice
892 3223 974 3286 dicta
999 3234 1176 3304 sententra,
1207 3245 1304 3310 quam

261 3330 326 3373 nos
342 3308 511 3374 reddimus
526 3309 650 3390 verbis,
671 3310 727 3376 iola
740 3306 838 3396 weiss
859 3306 945 3373 doeh
959 3307 1073 3390 uiolet,
1087 3309 1156 3373 sed
1180 3306 1225 3373 ob
1247 3329 1305 3372 ur-

262 3394 415 3461 banitatis
440 3393 705 3461 moderationem
720 3403 752 3459 et
768 3394 801 3460 in
820 3392 1002 3458 adhibenda
1018 3393 1209 3482 prudentiae
1228 3414 1306 3458 cau-

260 3477 364 3545 tione.
413 3479 501 3545 Nam
533 3480 750 3546 verecundiae
769 3489 801 3543 et
828 3478 1017 3546 urbanitatis
1051 3489 1083 3543 et
1113 3478 1303 3567 prudentiae

262 3587 375 3632 caussa
390 3587 446 3646 ea,
492 3585 571 3645 uae,
594 3565 623 3631 si
638 3566 786 3630 animum
802 3563 968 3630 declarare
992 3573 1025 3628 et
1047 3564 1187 3650 ingenuo
1211 3564 1304 3648 loqui

264 3649 409 3725 deceret,
433 3587 531 3716 ndbis
552 3648 744 3718 affirmanda
773 3659 899 3730 esseut,
935 3649 976 3714 ad
1007 3648 1244 3716 dubitationem
1271 3659 1303 3714 et

261 3735 450 3802 simtdatam
463 3735 626 3802 inscitiam
645 3733 838 3816 referimus,
860 3735 953 3820 quasi
974 3735 1156 3808 nesciamus
1171 3734 1223 3799 vel
1241 3734 1302 3798 du·
1351 3783 1359 3800 ,

261 3818 420 3901 bitemus,
439 3831 512 3885 utra
530 3843 547 3885 e
565 3819 689 3886 duabus
705 3819 801 3884 rebus
817 3817 954 3906 probari
972 3819 1104 3896 debeat,
1124 3830 1235 3885 tamen
1253 3820 1301 3884 al-

259 3907 321 3970 teri
338 3904 404 3986 rei,
428 3927 509 3992 quae
525 3906 647 3989 aliena,
672 3915 727 3969 aut
751 3903 821 3969 aliis
844 3901 1035 3969 hominibus
1049 3906 1159 3970 minus
1178 3905 1300 3993 proba-

260 3990 333 4056 bilis
356 4011 424 4054 esse
446 3990 610 4072 videatur,
631 3991 793 4055 maiorem
846 3989 1085 4055 robabilitatem
1110 3991 1299 4058 tribuamus.

259 4077 310 4156 Its
334 4095 402 4164 quo
427 4095 488 4139 usu
511 4076 701 4158 rhetorico,
729 4075 796 4141 iam
856 4077 968 4141 anutio
992 4075 1049 4157 (ad
1067 4075 1134 4142 Cic.
1153 4075 1256 4164 Epist.
1269 4080 1301 4157 9,

163 4159 187 4198 „¹
258 4166 320 4248 9.),
352 4155 513 4228 lambino
536 4161 592 4249 (ad
611 4161 678 4270 flio.
699 4162 789 4230 Lael.
814 4160 873 4246 6.)‚
892 4154 1206 4248 Ernssuo‘atiisqus
1219 4159 1301 4228 bens
1416 4223 1417 4232 ,
