2826 4750
519 367 564 450 A,
607 338 681 451 iu,
725 369 815 435 Ans
1122 379 1162 438 ar

114 545 170 630 tur
195 557 257 630 per
275 556 380 604 moos.
425 529 468 598 Et
489 536 533 598 ita
554 537 626 608 aliu.
672 541 766 622 Quae
782 553 898 608 contra
918 545 1086 610 Sanctium
1102 545 1163 610 Pe·-

113 641 262 688 rizonrus
284 630 316 683 et
336 620 476 691 Ursinus
495 619 715 709 disputarunt,
737 628 771 692 in
791 631 907 716 quibus
924 633 1020 696 etiam
1036 631 1163 694 Ruddi-
1238 693 1243 699 .

114 728 256 773 manuus
285 706 445 791 acquievit
471 730 507 794 p.
525 713 600 783 209.
640 711 682 784 Τ.
702 719 746 790 2.,
777 737 847 780 ιιοιι
870 717 880 781 i
907 741 977 781 sam
998 741 1070 781 rem
1088 728 1164 780 tau-r

114 799 214 877 gunt,
254 791 313 854 sed
344 802 533 876 argumenta
559 805 689 874 tantum
721 799 827 864 allata.
869 741 1052 877 linimen
1077 804 1164 867 enirn

115 887 183 1024 erpi
200 876 509 1024 deprpnstraudum,
532 883 622 966 quod
643 883 730 958 inter
745 902 890 962 caussam
907 899 937 953 et
954 888 1163 961 efficientiam

114 985 147 1026 ιιι
165 985 238 1031 arce
263 985 301 1025 1.

192 1062 322 1154 Deinde
337 1063 460 1149 aliquid
475 1063 519 1132 ab
536 1065 655 1154 eliqua
669 1090 706 1132 re
723 1067 794 1148 fieri
807 1069 936 1152 dicitur,
946 1071 1004 1150 ubi
1019 1095 1071 1140 res
1084 1093 1163 1159 per·

115 1170 196 1219 sona
212 1147 361 1220 induitur
379 1159 411 1213 et
429 1149 551 1246 aliquid
568 1174 662 1240 agere
677 1153 807 1236 dieitur,
829 1156 932 1220 instar
946 1155 1090 1220 hominis
1108 1177 1163 1221 ar-

114 1231 215 1302 bitrio
226 1234 360 1324 agentis.
385 1235 597 1324 Quamquam
613 1239 785 1321 nonnulla,
795 1264 878 1330 quae
890 1241 955 1306 hue
967 1241 1162 1324 referantur,

115 1318 268 1406 exempla
285 1319 384 1390 etiam
402 1320 560 1420 expiicari,
578 1335 720 1408 possunt
733 1325 794 1414 per
811 1328 905 1400 verba
924 1351 946 1390 α
958 1339 1073 1414 purte,
1090 1353 1141 1393 ex.

140 1416 142 1420 ’
218 1422 273 1472 Cic.
295 1421 328 1472 de
348 1419 424 1470 offic.
445 1420 477 1485 1,
494 1421 544 1494 29,
562 1422 620 1486 103.
640 1428 680 1486 ita
689 1430 823 1498 generati
836 1449 854 1481 a
869 1440 969 1492 natura
986 1448 1087 1482 suasus.
1106 1433 1161 1484 Cic.

181 1507 217 1558 ad
232 1507 304 1558 Fam.
319 1504 361 1568 13,
385 1505 425 1567 10.
454 1507 532 1566 Satis
554 1511 626 1572 enipi
654 1511 871 1564 commendatum
891 1513 944 1566 tibi
961 1533 1022 1571 eum
1043 1513 1162 1568 arbitra·

181 1590 233 1642 tar
250 1589 285 1648 ab
304 1591 367 1660 ipso
384 1607 458 1653 ruore
474 1593 625 1658 maiorum,
647 1598 709 1668 qui,
729 1607 760 1648 ut
775 1607 802 1666 ta
818 1613 873 1648 non
882 1593 975 1668 fugit,
994 1597 1064 1652 hauc
1080 1619 1162 1671 quao-

182 1686 276 1736 rturae
287 1678 505 1740 coniunctionem
519 1677 666 1746 liberorppr
681 1681 878 1752 necessitudini
893 1687 1051 1751 proximam
1070 1683 1161 1746 voluit

185 1779 253 1821 esse.
272 1761 341 1830 quod
356 1773 443 1824 tamen
462 1781 518 1823 esse
533 1772 635 1831 potest,
654 1781 669 1812 ιι
689 1775 762 1831 purte
776 1767 866 1818 moris.
886 1767 947 1819 vid.
960 1770 1044 1820 Beier.
1060 1770 1092 1832 ad,
1108 1771 1160 1821 Cic.

184 1849 217 1900 de
234 1847 284 1902 off.
301 1844 467 1912 1,44,,15,5,.
495 1839 578 1910 'Orici
595 1849 664 1910 Fust.
681 1846 706 1914 5,
722 1849 783 1916 7092
799 1862 915 1922 pectora
934 1857 1063 1919 traiectus
1078 1853 1160 1926 Lyn·

185 1951 230 1991 ceo
253 1934 352 1985 Castor
366 1931 401 1996 pb
417 1948 488 1984 ense·
916 1937 919 1944 ’
969 1994 972 1999 .

224 2021 252 2072 In
267 2018 322 2068 Cic.
338 2015 370 2067 de
388 2015 465 2066 offic.
479 2013 511 2078 5,
527 2015 554 2079 2,
571 2013 598 2066 7.
621 2017 812 2082 omniscium,
835 2036 907 2091 quae
922 2038 940 2070 a
955 2021 1063 2083 rationo
1078 2022 1161 2072 surci-

166 2105 275 2174 pitter,
302 2098 337 2152 de
357 2099 454 2171 aliq-ua
474 2119 503 2153 re
530 2103 669 2166 institutio
692 2099 772 2180 debet
792 2121 810 2154 a
829 2101 995 2173 definitione
1011 2087 1175 2177 proficisci.⁴

184 2189 306 2246 sivecum
319 2185 482 2254 Heusingero
497 2188 717 2256 prosopopoeiam
733 2195 846 2252 statuum
872 2190 925 2254 sire
941 2207 997 2240 cum
1013 2188 1160 2238 Goerenzio

183 2268 360 2340 explicueris,
370 2287 386 2320 a
400 2253 491 2362 part'e,
521 2281 551 2322 ut
558 2263 706 2353 opponatur
724 2272 900 2340 erperieutia,
922 2274 992 2348 quod
1009 2273 1092 2340 ipsam
1107 2286 1160 2322 nou

181 2357 269 2408 verbis
285 2373 434 2430 expressum
449 2365 505 2420 est,
527 2357 581 2418 sive
600 2375 658 2408 cum
674 2357 846 2422 Gottlebero,
864 2358 1005 2422 secundum
1022 2357 1160 2418 rationem,
1234 2395 1237 2406 ,

180 2439 233 2492 tibi
253 2440 304 2508 ipsi
329 2457 384 2490 non
406 2441 551 2506 satisfacies
572 2452 695 2510 reputans
718 2442 822 2510 logicae
841 2443 917 2510 istius
935 2443 1065 2494 formulae
1079 2460 1160 2505 usum.

181 2527 270 2588 Quare
301 2525 424 2594 probabis
459 2525 708 2594 demonstrationem
732 2527 840 2592 Beieri„
870 2529 914 2610 qui
941 2529 1161 2598 praepositionem

180 2611 250 2670 iusta
268 2610 301 2668 de
319 2627 408 2662 caussa
423 2612 520 2670 omisit.
553 2614 651 2676 Eadem
669 2613 720 2664 iam
737 2614 801 2676 olim
818 2613 925 2678 Gruerii
943 2616 1075 2679 sententia
1092 2625 1159 2674 erat.

183 2697 237 2754 vid,
251 2697 433 2754 Friedemunn.
452 2698 563 2750 Miscell.
579 2699 637 2750 crit.
655 2701 689 2749 11.
711 2699 734 2750 1.
748 2717 774 2767 p.
792 2693 851 2748 165.
1180 2705 1183 2710 “

196 2799 347 2885 Denique
376 2800 410 2862 in
444 2801 620 2886 conspicua
650 2821 763 2862 rerum
791 2800 1023 2886 expressione,
1060 2823 1159 2885 quam
1184 2824 1187 2834 ¹

114 2895 233 2972 poetae
261 2885 407 2948 maxime
428 2883 462 2946 in
487 2885 687 2953 carminibus
710 2894 888 2972 usurpant,
929 2907 1025 2972 saepe
1047 2889 1160 2950 reruni

115 2970 309 3034 nominibus
326 2969 538 3056 praepositio,
564 2991 664 3056 quam
685 2969 849 3048 abundare
860 2968 958 3056 vulgo
977 2971 1101 3050 dicunt,
1119 2994 1157 3034 eo

116 3057 248 3140 quidem
265 3055 370 3122 modo
382 3053 521 3142 additur,
537 3066 574 3118 ut
589 3079 652 3134 res,
672 3051 737 3142 qua
751 3055 874 3142 aliquid
888 3054 1017 3118 'factum
1030 3065 1092 3134 est,
1118 3079 1159 3129 ex

116 3142 215 3209 altera
233 3151 329 3236 parto
347 3141 508 3227 apposita,
529 3163 599 3204 non
616 3151 861 3218 tamcaussaur,
880 3149 978 3226 quem
996 3140 1158 3228 originem

115 3227 286 3306 exhibeat,
304 3237 401 3310 utque
418 3227 464 3295 ita
478 3227 582 3318 magis
600 3237 773 3314 appareat,
790 3228 876 3300 uude
894 3226 1015 3312 aliquid
1034 3237 1158 3306 prtum,

116 3335 214 3396 quum
240 3334 304 3398 qua
336 3334 372 3374 re
397 3310 522 3386 fuctum
537 3313 606 3391 sit,
644 3315 902 3389 instrumentum
926 3335 980 3378 rna
1004 3313 1029 3375 is
1059 3335 1158 3398 quam

116 3419 237 3468 caussa.
275 3398 385 3483 Saepe·
393 3397 551 3494 explicari
570 3397 602 3460 id
618 3408 745 3484 potest:
761 3421 838 3485 per,
862 3421 923 3498 ope
943 3335 1002 3494 vei
1016 3398 1158 3463 curilis.

116 3485 156 3546 Et
174 3485 228 3547 ubi
246 3482 372 3548 adrem
390 3505 496 3568 ipsam
514 3488 658 3568 spectas,
681 3483 1012 3562 facileooucosscr1s‚
1028 3483 1055 3544 si
1074 3483 1157 3567 quis,
1259 3565 1261 3570 ,

115 3571 280 3657 poetieam
306 3567 485 3638 dictionem
500 3591 569 3642 nou
588 3591 724 3646 curans,
757 3561 1039 3657 praepositionem
1055 3567 1090 3630 in
1109 3569 1158 3630 his

117 3655 279 3718 abundare
302 3653 520 3728 contenderit.
565 3652 655 3726 iuter
671 3665 786 3741 poetas
798 3653 941 3718 Ouidius
964 3651 1025 3721 huc
1047 3651 1158 3720 sonna
1213 3713 1221 3724 ,

115 3739 376 3826 frequentissime
396 3739 507 3807 utitur.

217 3861 294 3912 ovid.
313 3863 369 3909 Art.
388 3876 437 3908 am.
454 3857 486 3922 1,
503 3855 561 3916 509.
585 3857 724 3918 Minoida
746 3857 866 3919 Theseus
885 3857 1019 3920 obstulit,
1042 3879 1060 3911 a
1079 3857 1158 3910 trulla

181 3957 309 4016 tempora
324 3954 450 4012 comptus
466 3962 527 3996 acu.
559 3946 679 4012 Propert.
697 3942 723 4007 3,
741 3943 785 4008 25,
802 3941 828 4000 ,5.
847 3943 900 4018 (23,
918 3942 971 4016 25.)
990 3943 1032 3998 nil
1048 3963 1158 3997 moveor

182 4028 320 4090 lacrimisr
352 4017 406 4080 ista
430 4045 490 4078 rum
513 4039 611 4098 neptus
628 4028 664 4086 ab
683 4040 743 4082 arte
770 4029 846 4083 ovid.
862 4031 991 4090 Tristi,
1010 4027 1070 4089 421.
1091 4041 1158 4084 neve

181 4118 334 4184 peregrinis
347 4122 454 4166 tantum
470 4109 607 4181 defendar
620 4114 654 4166 ab
671 4114 764 4166 armis.
797 4112 958 4178 Lucanust,
972 4111 1031 4165 163.
1046 4112 1158 4185 gelidos

178 4211 199 4250 rr
215 4201 328 4272 gurgite
352 4199 432 4251 cuiru
452 4199 601 4254 restituunt
626 4193 763 4260 artuss2,
783 4197 842 4251 493.
870 4197 964 4253 calida
977 4185 1157 4269 proiciam
1209 4213 1211 4220 ’
1240 4265 1242 4269 ,
