2826 4750
577 328 760 452 snstu.
1125 383 1166 444 er

118 521 236 590 delun·
290 521 358 590 Est
404 518 515 612 igitur
523 534 551 600 ‚f
577 537 614 590 ut
649 525 735 591 milti
775 515 939 606 videtur,
982 519 1161 606 derivatio,

90 607 92 612 ’
119 607 188 684 ab,
222 605 320 690 abs,
351 607 527 698 absque,
554 611 721 699 montotto
751 609 795 674 ab
816 611 928 676 unde
956 613 1159 702 undique,

117 691 181 758 ibi
208 692 360 782 ibique
381 694 461 782 (leg.
481 691 537 760 ubi
556 694 692 784 ubique.-
708 693 913 762 utKrahlius
928 698 1027 764 etiam
1044 709 1161 784 emen-

117 779 238 865 davit),
266 779 334 844 ita
360 779 531 868 itaque,
552 791 649 846 uter
682 793 877 882 uterque,
916 783 1013 870 quis
1044 786 1160 873 quia-

115 887 212 952 que:
241 864 281 928 in
306 863 422 951 quibus
447 867 692 932 coniunctionis
704 863 919 954 sign-esmona
932 869 1030 933 nulla
1042 877 1160 936 rema-

114 961 183 1016 net.
211 947 450 1026 ‘Ostendimus
473 963 591 1018 tamen
613 953 650 1016 in
666 949 910 1039 superioribus,
941 954 1031 1040 quod
1053 956 1161 1022 etiam
1221 1025 1226 1044 Ι

116 1033 248 1100 Graeci
281 1035 415 1100 soleant
448 1035 580 1102 addere
603 1033 640 1100 aa*
663 1038 737 1102 sine
767 1037 887 1124 aliqua
913 1040 1160 1122 coniunctione}
1236 1057 1246 1070 “

112 1115 389 1207 significatione,
422 1131 460 1186 ut
483 1117 543 1202 tu,
572 1124 680 1200 scida,
703 1125 790 1212 apide.

197 1247 483 1334 Praepositicnem
503 1270 572 1335 esse
586 1247 672 1314 hanc
683 1270 812 1331 vocem,
826 1263 1019 1338 comparato
1029 1255 1157 1321 Graeco

110 1351 187 1414 usu,
207 1331 299 1396 idem
319 1332 556 1399 demonstravit
572 1335 767 1417 Priscianus,
811 1334 845 1398 ui
861 1357 965 1434 quum
982 1337 1159 1423 docuisset,

111 1415 277 1481 nonnulla
294 1417 666 1486 Graecorumadvcrbia
682 1419 778 1507 apud
828 1432 941 1485 atinos
955 1422 1033 1488 ideo
1049 1447 1158 1512 prae-

104 1502 299 1588 positiones
323 1515 467 1592 accepta
484 1517 571 1582 esse,
604 1507 686 1593 quia
701 1518 734 1570 et
752 1503 945 1570 casualibus
959 1529 1158 1596 praepone-

110 1599 232 1652 rentur
247 1599 280 1668 et
288 1589 394 1675 graui
413 1602 554 1654 accentu
568 1592 886 1676 pronuntiarentur,
908 1593 1017 1681 pergit
1033 1619 1067 1684 p.
1081 1602 1156 1662 999.

109 1674 210 1738 sine
235 1673 343 1737 etiam
368 1672 587 1764 etabsque
604 1675 700 1762 apud
724 1677 875 1742 Graecos
891 1677 1054 1744 adverbio
1067 1695 1158 1757 erint,

109 1770 278 1844 utsupra
301 1757 520 1837 dictum-est,
551 1783 636 1848 quae
645 1761 834 1846 prae'diitn
848 1765 941 1828 ratio
951 1761 1042 1851 fecit
1063 1765 1160 1853 apud

109 1843 263 1908 Latinos
281 1846 556 1931 praepositiones
574 1847 709 1931 putari.
748 1845 885 1928 Habent
913 1859 1028 1912 autem
1041 1853 1158 1914 consi-

109 1929 229 1993 milem
244 1926 546 2016 significationem,
613 1953 655 1994 ae
671 1941 721 1995 est
736 1932 912 2016 negativo,
934 1933 1048 1996 necin
1064 1955 1162 2000 com-¹

103 2015 280 2100 positione
295 2014 521 2080 inveniuntur.
538 2017 541 2023 '
590 2009 850 2100 amen‘Donatus
867 2016 906 2079 ad
922 2015 1070 2082 Terentii
1090 2021 1158 2083 Ha-

112 2123 183 2188 eyr.
201 2100 234 2180 4,
255 2105 295 2181 2,
324 2102 378 2164 24.
404 2101 588 2182 dubitabat,
619 2111 731 2167 utrum
749 2100 785 2165 in
799 2100 866 2168 hoc
880 2099 1040 2200 loeo'pro
1055 2126 1159 2193 prae-

109 2185 297 2274 positione,
317 2207 359 2298 an
375 2207 440 2274 pro
457 2186 610 2253 adverbio
627 2187 800 2275 acciperet.
1079 2281 1083 2296 ‚

141 2301 144 2310 ’
193 2317 227 2377 2.
255 2291 421 2400 Distingui
444 2311 538 2378 debet
554 2285 811 2402 antiquiorusus
829 2315 1048 2382 araceuticri.
1088 2315 1159 2383 Ne-
1254 2303 1256 2319 ’

110 2417 169 2461 mo
189 2398 281 2464 enim
303 2407 452 2482 veterum
474 2399 537 2462 scri
562 2411 677 2464 torum
695 2401 865 2488 usurpavit
880 2401 965 2468 banc
982 2423 1062 2490 prae
1087 2404 1157 2468 osi-

109 2483 259 2562 tiouem,
286 2483 350 2546 nisi
377 2484 413 2548 in
435 2421 582 2549 formula
604 2482 726 2573 absque
741 2493 778 2549 eo
795 2497 898 2570 esset,
919 2423 1157 2574 ,1111111111θὶ11-

88 2639 91 2645 ,
110 2590 187 2716 ceps
205 2567 372 2632 dicemus*
406 2569 493 2636 Nam
512 2570 603 2655 quod
617 2571 707 2719 :pud
719 2571 871 2634 Plautum
887 2571 1007 2660 legitur
1025 2573 1059 2636 in
1074 2571 1155 2638 Mo-

108 2663 160 2716 ste
173 2653 196 2716 1.
214 2657 246 2734 8,
269 2659 302 2733 2,
323 2657 376 2718 78.
396 2651 518 2723 subdiu
534 2655 601 2719 coli

108 2735 237 2802 iactum
255 2749 303 2802 est
319 2761 338 2802 a
355 2739 563 2821 Cameraric,
587 2738 653 2804 hoc
668 2740 800 2827 quidem
815 2765 850 2808 111
865 2741 943 2807 loco
961 2741 1050 2807 haud
1067 2742 1157 2808 felici
1220 2807 1222 2814 Α

107 2822 361 2911 interpolatore.
403 2825 481 2889 Duo
510 2825 680 2913 exempla,
718 2845 800 2910 quae
834 2827 921 2914 apud
959 2824 1181 2891 Ciceronem‘

109 2919 240 2974 exstare
262 2909 458 2977 videbantur
476 2909 616 2974 Cellario
630 2910 846 3060 &plutib‘arbs
863 2933 899 2998 p.
920 2913 992 2977 105.
1017 2922 1051 2976 et
1075 2913 1155 2976 Cur.

661 2678 738 2749 sque
751 2653 823 2753 sole
831 2670 1035 2742 perpetuum
1045 2656 1173 2731 diem„
1228 2703 1231 2709 -
1332 2657 1338 2674 ⁸
1398 2723 1401 2730 .

107 3005 200 3082 post.
216 3008 252 3082 pt
273 2993 360 3080 172.)
376 2980 528 3082 suspecta
545 2995 633 3060 autf
662 3019 697 3060 sa
714 3005 812 3059 sunt·
844 2997 894 3061 Dc
910 2995 1036 3062 lavent.
1055 3002 1084 3078 1,
1101 3002 1156 3078 36,
1241 3013 1244 3020 ’
1322 3041 1324 3048 ,

107 3086 162 3145 62.
181 3092 233 3144 est
255 3091 371 3144 antem
387 3079 559 3166 quaedam
574 3081 839 3168 argumentata,
852 3082 891 3146 in
911 3104 980 3169 qua
990 3084 1156 3168 proposi·

107 3167 157 3230 tin
177 3187 248 3229 nan
262 3164 399 3252 indiget
414 3164 679 3252 approbatione:
707 3177 740 3231 et
756 3166 944 3254 quaedam,
962 3168 1082 3255 inqua
1096 3169 1156 3232 ni-

107 3247 159 3316 bil
177 3250 267 3315 ualet
282 3248 405 3337 absque
419 3250 677 3337 approbatione,
698 3263 735 3316 ut
752 3251 975 3318 ostendemus.
1009 3253 1060 3318 Ad
1074 3252 1156 3317 haec
1204 3331 1208 3335 ⁸

109 3335 295 3402 Oudendor
319 3335 387 3399 ius:
425 3337 546 3419 „MSS.
565 3359 680 3402 omnes
700 3338 779 3402 dant
794 3359 871 3402 eum
886 3337 936 3402 ed.
956 3339 1084 3416 omnib.
1103 3339 1155 3401 si-

107 3444 151 3486 ne
168 3413 280 3519 adpro
303 3421 429 3518 atione.
456 3423 523 3486 vAc
548 3422 659 3486 nullus
687 3421 823 3504 dubito,
857 3424 936 3508 quin
960 3433 992 3488 et
1010 3422 1070 3487 alii
1093 3413 1157 3488 viri
1273 3475 1276 3482 .

66 3538 69 3544 ·
108 3507 197 3571 docti
213 3517 417 3570 savennsent
432 3506 497 3570 'stris
514 3507 549 3571 in
567 3507 753 3590 codicibus,
776 3508 804 3572 si
818 3508 1042 3572 attendissent.
1071 3507 1156 3586 Quis

108 3590 173 3657 hoc
190 3591 318 3678 primus
338 3593 524 3672 mutaverit,
540 3593 678 3657 nescio:
698 3614 874 3682 perperam
896 3614 1002 3664 sanc„
1021 3589 1156 3680 Absque

108 3699 148 3750 eo
168 3697 268 3745 sensu
292 3663 460 3756 Ciceronis
483 3699 563 3742 aevo
595 3701 667 3742 non
696 3685 766 3744 erat
794 3677 946 3742 latinum.
992 3677 1073 3742 Vide
1099 3700 1157 3742 me

42 3789 50 3800 =
110 3763 149 3826 ad
163 3763 290 3826 Lucan.
311 3765 350 3842 6,
372 3764 445 3826 152.
488 3759 614 3828 Heinsii
635 3762 769 3829 Advers.
794 3785 828 3849 p.
849 3761 921 3827 145.
943 3783 1009 3848 quo
1026 3764 1061 3826 in
1076 3761 1155 3826 loco

108 3848 191 3912 mire
215 3845 438 3912 hallucinatur
463 3847 617 3914 Withov.
641 3848 676 3912 in
690 3847 841 3912 ‘Encaen
893 3891 902 3910 .
928 3851 1002 3916 142.
1024 3847 1157 3912 Frustra

108 3933 208 4022 igitur
230 3931 390 3996 Cellariue
405 3931 441 3996 in
459 3929 536 3997 Cur.
558 3943 647 4032 post.
668 3955 696 3996 c.
714 3935 745 3999 5.
765 3941 845 4020 prot
880 3932 907 3996 it
921 3931 1012 4017 hune
1030 3925 1157 4013 laeum,

108 4029 144 4082 ut
161 4016 286 4108 probet
307 4013 430 4102 absqrn
453 4039 517 4103 pro
540 4041 613 4082 sine
628 4017 740 4084 fuisse
762 4028 841 4081 tunc
858 4017 892 4080 in
907 4039 968 4081 usu
998 4017 1157 4081 subiecit-

109 4125 171 4190 que,
196 4102 341 4169 eseam
355 4123 398 4166 ex
414 4101 480 4168 ns.
502 4108 531 4166 1.
560 4103 599 4166 aa
614 4103 713 4166 1111..
737 4103 801 4190 ap.
828 4106 879 4166 10.
900 4065 982 4189 uel
1011 4099 1157 4169 Natam

110 4212 132 4254 a
145 4211 200 4256 me
225 4185 409 4276 epistolam
430 4187 480 4256 ad
495 4197 528 4256 te
552 4184 628 4257 siaa
653 4186 775 4280 absque
791 4197 1002 4276 argumento
1019 4209 1060 4254 ac
1076 4205 1156 4252 sen·
1234 4259 1240 4268 ,
1381 4175 1401 4244 ,³

776 4293 777 4298 .
847 4273 936 4340 ὀῆν
