2786 4748
702 319 863 418 suoru

264 499 269 508 ⁴
323 484 381 553 cio,
396 469 520 562 quicque
537 492 657 544 maxime
670 479 801 560 'spectare
812 475 952 560 sciemur.
974 491 994 543 i.
1013 505 1037 542 e.
1055 507 1112 546 nuez
1129 503 1202 566 gat,
1224 510 1307 548 soene

282 581 286 589 '
324 587 358 626 ro
375 568 504 646 gestillig‘
520 576 574 640 ist,
598 573 660 628 will
678 573 722 628 icb
736 593 793 628 uun
819 573 887 629 aber
902 573 973 628 anob
992 572 1122 631 dartburr·
1154 578 1244 630 Etiam
1264 589 1307 630 at·

326 676 381 738 qne
396 657 451 711 dici
465 669 577 728 poteret.
611 660 708 710 Horat
729 661 813 730 Epist.
831 661 865 725 1,
881 659 915 723 2,
936 659 979 713 33.
996 661 1093 732 etqui,
1120 663 1147 715 ri
1162 659 1246 728 noles
1263 679 1306 713 ra-

323 761 387 806 uus,
405 760 496 796 curru
511 740 694 814 hydropicus.
710 743 778 798 bene
794 743 875 800 vertit
891 745 999 801 Vossius
1018 741 1195 812 muitum,
1217 745 1308 802 willer

185 835 189 840 '
238 897 241 902 Ι
325 825 365 882 du
377 826 485 900 gernod
501 823 577 880 uicit
595 823 704 898 larsem.

365 930 421 982 Cic.
439 929 474 982 de
489 930 554 998 Leg.
573 931 607 993 1,
627 931 659 983 15
669 971 677 996 ‚
694 927 738 987 43.
756 937 837 1006 atqui
846 971 854 999 ,
879 935 905 989 si
922 943 1024 990 natura
1042 926 1249 1002 conlimatur-a
1265 935 1308 986 ier

285 1031 287 1036 ’
325 1004 384 1068 noir
398 1015 479 1078 erit,
502 1018 620 1074 virtuter
646 1034 743 1071 omnes
760 1017 904 1072 tollentur.
939 1018 991 1070 Sed
1012 1035 1091 1088 quum
1109 1017 1138 1068 in
1153 1017 1197 1069 his
1214 1029 1309 1088 perget

323 1114 378 1150 una
399 1099 609 1167 argumentatio,
645 1104 857 1172 cohaereantque
882 1103 1018 1172 superiora
1042 1105 1071 1156 ri
1092 1121 1179 1181 neque
1204 1113 1309 1157 natura

263 1237 266 1246 ,
319 1192 381 1258 ert,
397 1201 453 1257 nou
473 1183 646 1238 dubitabimus
663 1188 786 1242 assentiri
803 1187 968 1266 Goerenzio,
985 1186 1032 1256 qui
1049 1188 1176 1254 correxit=
1186 1197 1283 1260 atque.

325 1290 393 1351 ·10.
423 1289 626 1354 Goerenzius
643 1291 682 1354 ad
700 1289 768 1356 Cic.
786 1290 827 1355 de
841 1289 912 1355 Fin.
927 1291 967 1371 5,
991 1294 1050 1370 12,
1073 1293 1126 1354 36.
1145 1311 1309 1376 „respon-

190 1417 192 1424 .
256 1367 331 1451 det,
351 1372 479 1460 inquit,
506 1372 602 1468 atqui
619 1387 738 1440 nostro
753 1399 824 1440 nun
840 1373 941 1451 aber,
964 1384 1000 1438 et*
1011 1372 1095 1438 solet
1107 1374 1310 1462 explicatio-

255 1455 342 1520 nem'
351 1479 446 1546 saepe
460 1459 506 1548 siq
526 1459 671 1546 ingredi,
683 1471 721 1524 ut
759 1461 885 1526 rimam
904 1459 1071 1540 subaudiri
1084 1461 1203 1548 possit.
1225 1459 1310 1526 Inde

147 1627 150 1631 Ι
255 1536 436 1624 titatium,
475 1555 513 1610 ut
539 1483 765 1624 eam-deinde
790 1545 954 1634 excipiat,
988 1545 1084 1632 qunlc
1114 1545 1310 1638 exemplum
1377 1621 1378 1644 ,

158 1663 161 1668 ,
255 1625 370 1726 paullo
387 1639 462 1696 aute
475 1627 578 1695 adfuit
596 1633 625 1716 §.
642 1633 695 1698 34.
713 1645 751 1698 at
779 1633 810 1696 a·
821 1653 905 1719 pers
930 1631 1044 1695 icuum
1059 1642 1109 1696 est
1123 1643 1172 1684 ·-'
1183 1630 1310 1696 deinde
1377 1659 1378 1678 ¹

255 1711 297 1777 ed
317 1736 445 1804 qnoque
468 1713 652 1781 cidemue.“
692 1717 731 1794 In
751 1655 803 1783 iis
830 1651 998 1805 tripiicem
1023 1715 1120 1782 video
1138 1731 1307 1782 errorem:

160 1799 163 1865 ζ
248 1819 337 1864 ,ηοω
360 1799 559 1867 vccabulum
573 1802 744 1889 prinmm,
766 1801 857 1891 quod
884 1824 983 1889 saepe
1004 1802 1173 1868 omittitur
1192 1812 1307 1891 postea

88 1961 94 1972 .
203 1908 205 1913 ·
256 1896 414 1971 sequente
427 1887 530 1958 verbo
548 1887 673 1956 deinde
680 1923 694 1970 ,·
714 1911 785 1954 non
806 1887 1017 1968 cohaereret,
1041 1888 1070 1952 si
1083 1889 1234 1986 positum
1255 1911 1309 1952 es-

256 1979 326 2053 set,
346 1993 424 2038 oum
440 1993 512 2037 voc.
530 1974 636 2073 otqqi.
669 1974 769 2038 Tum
784 1975 880 2063 atqui
894 1995 965 2038 non
987 1971 1027 2040 ab
1050 1973 1145 2038 initio
1162 1974 1308 2061 explica-
1377 1981 1378 1986 ’

255 2055 356 2122 tionis
378 2058 517 2146 ponitur
538 2059 639 2147 ipsuis
664 2061 829 2148 ingressus
849 2078 980 2141 caussa,
1013 2059 1103 2147 quod
1129 2059 1309 2148 proprium

256 2149 307 2206 cst
323 2144 503 2241 particulae
519 2156 629 2233 atque.
650 2147 716 2212 vid.
733 2148 860 2234 p.497.
903 2145 1056 2232 Denique
1068 2145 1104 2210 in
1118 2143 1194 2210 loco
1213 2145 1308 2210 Cice-

254 2247 351 2292 roms
367 2249 437 2294 non
452 2231 535 2296 verti
549 2242 661 2332 potest
675 2254 748 2296 nun
763 2230 862 2315 aber,
884 2251 989 2317 quum
1005 2231 1162 2318 proxime
1177 2241 1309 2296 antece·

257 2309 339 2380 deur
362 2313 434 2380 iam
455 2338 531 2382 vero
552 2316 641 2383 idem
656 2315 834 2404 significet,
856 2338 963 2404 neque
978 2316 1141 2415 expositio
1158 2317 1209 2382 rei
1224 2316 1308 2381 inci·

199 2432 202 2436 ·
245 2398 327 2485 'piat
344 2421 362 2464 a
377 2401 483 2467 verbis
499 2403 595 2488 atqui
620 2404 657 2468 in
680 2402 831 2468 sensibus
854 2414 904 2468 eet
919 2423 985 2467 aua
1009 2423 1167 2490 cuiusque
1191 2403 1307 2484 virum

174 2511 180 2522 ·
257 2483 311 2570 Op
337 2495 489 2564 onuntur,
513 2487 614 2552 verba
642 2499 692 2554 ert
723 2490 835 2554 virtus·
852 2497 885 2552 et
911 2487 1091 2554 cuiusdam
1112 2484 1218 2566 modi,
1237 2510 1307 2552 esse

64 2577 73 2604 ·’
171 2591 173 2596 “
254 2565 300 2632 de
322 2581 365 2635 et.
405 2569 510 2656 Igitur
525 2573 621 2723 atqui
638 2572 801 2662 significat
817 2571 981 2666 dege-gen
995 2572 1163 2656 wirhlicb,
1190 2569 1238 2641 .In
1257 2573 1308 2637 al·

158 2739 159 2746 ¹
255 2661 329 2718 tero
353 2654 432 2721 loeo
458 2662 517 2733 12,
539 2663 559 2723 8
584 2703 594 2722 .
620 2670 676 2724 aut
697 2660 797 2724 verba
819 2661 1014 2746 quaerimur
1038 2668 1071 2724 ct
1085 2660 1309 2746 perspicuum

218 2741 221 2751 '
254 2751 307 2806 ert
322 2762 366 2808 ex
381 2742 516 2810 adverso
529 2756 764 2856 oppqnuatur‚
786 2755 842 2809 eut
858 2744 1070 2811 scribendum
1085 2755 1136 2810 est
1151 2756 1267 2834 atque.

337 2861 380 2927 Π.
419 2868 450 2929 1.
471 2864 610 2929 Ponitur
627 2865 723 2952 atqui
738 2866 874 2952 proprie
890 2875 966 2952 post
982 2864 1192 2946 sententiam,
1207 2886 1310 2950 quam

254 2967 447 3014 concessam
463 2959 518 3014 aut
540 2949 712 3033 remissam
729 2956 956 3036 agnoscimus,
977 2959 1033 3014 aut
1058 2971 1179 3037 negare
1205 2950 1311 3014 nolu-

183 3071 205 3114 ·.
253 3052 349 3115 mus,
381 3045 419 3098 ut
446 3033 576 3100 alterius
597 3037 644 3100 rei
672 3037 843 3102 veritatem
864 3031 1135 3122 comprobemus,
1167 3057 1310 3122 eumque
1378 3029 1379 3058 ¹

237 3136 324 3181 'non
342 3119 453 3184 minus
472 3120 523 3185 vel
537 3122 641 3208 magis
659 3120 746 3186 adeo'
757 3121 864 3188 valere
880 3121 1155 3188 demonstremus.
1194 3121 1310 3200 Quare

253 3203 407 3288 monime
430 3204 557 3270 accedit
580 3207 621 3270 ad
643 3219 682 3272 at
705 3219 840 3288 temen,
865 3206 924 3272 s'ed
949 3208 1017 3273 vim
1044 3205 1310 3272 confirmationis

252 3289 426 3374 propriam
448 3289 547 3356 habet
574 3293 610 3356 in
634 3294 710 3382 qui,
731 3315 807 3357 nec
831 3302 940 3379 potest
963 3293 1158 3380 praecedere
1182 3293 1312 3391 quum-

253 3383 371 3460 quum,
387 3397 448 3440 neo
461 3375 610 3463 quidem.
654 3378 760 3443 Reddi
779 3389 889 3465 potest
906 3382 966 3464 pei·
985 3379 1037 3442 eei
1054 3403 1110 3460 τοι,
1122 3376 1313 3464 glercbwol

252 3459 354 3542 eben,
379 3459 542 3560 dagegen
556 3463 734 3529 vielmebr:
757 3463 864 3530 nolim
882 3473 994 3528 tamen
1018 3485 1094 3528 cum
1117 3463 1188 3527 aliis
1210 3461 1311 3530 ¹adbi-

174 3552 175 3560 ’
251 3541 493 3694 {reurefreiirob
535 3548 673 3638 Negatio
690 3549 886 3639 plerumque
903 3559 959 3615 aut
974 3549 1158 3638 praecedit,
1182 3559 1241 3613 aut
1254 3549 1313 3614 in-

270 3642 416 3719 ergrtur
435 3642 542 3698 antea.
729 3675 731 3679 ·
1109 3651 1111 3662 ⁴

354 3753 464 3806 Terent.
483 3755 563 3809 Phor.
582 3755 615 3820 1,
632 3754 666 3820 4,
683 3755 727 3809 26.
751 3761 782 3811 A.
800 3775 857 3811 aon
885 3774 947 3811 rum
973 3753 1053 3826 apud
1076 3774 1129 3812 me.
1164 3757 1199 3807 G.
1228 3759 1314 3828 atqui

246 3826 250 3833 ¹
323 3843 395 3905 opus
413 3849 457 3892 est
473 3857 546 3892 nunc
562 3857 647 3912 quum
666 3847 788 3898 maxime
805 3854 837 3895 ut
862 3846 917 3907 sis,
938 3840 1076 3913 Antipho.
1108 3843 1315 3911 &leton-Vesp-

320 3919 365 3976 23.
383 3925 531 3993 pecuniam
548 3944 584 3980 er
600 3925 693 3997 priris
718 3932 854 3998 pensione
877 3929 1008 3982 admovit
1031 3926 1070 3981 ad
1094 3945 1193 3992 nares,
1218 3929 1316 3982 scisci·

258 3999 260 4006 ’
324 4015 399 4070 tans,
417 4026 482 4084 nupt
500 4009 587 4066 odore
603 4010 803 4086 offenderetur.
838 4011 882 4067 Et
906 4014 963 4088 iilo.¹
983 4022 1120 4086 negante,
1146 4013 1248 4084 atqrd,
1271 4015 1317 4066 irr-

321 4091 399 4165 quits
419 4089 522 4146 eletio
541 4105 601 4149 est:
620 4098 640 4150 i.
657 4115 683 4168 q.
702 4095 950 4170 gleicbwol‘ebeu.
986 4098 1040 4150 Cic.
1067 4097 1101 4149 ad
1124 4099 1180 4152 att.
1197 4095 1216 4148 8
1226 4135 1235 4162 ,
1251 4093 1278 4149 3.
1295 4113 1315 4148 ο

319 4193 393 4243 rem,
413 4179 524 4250 inquis,
542 4161 691 4256 difficilem
710 4193 737 4237 et
758 4181 999 4258 inexplicabilem.
1027 4183 1119 4256 Atqui
1137 4177 1317 4258 explicanda
