2858 4750
224 351 314 412 eos
413 339 415 347 ‘
641 327 865 414 ‘suumn
1188 379 1193 410 .

192 503 197 517 “
248 497 322 648 qqi's
337 495 417 562 hsce
433 495 577 564 notsnds
600 481 692 560 sunta
723 495 840 562 Bacch.
866 499 906 576 8,
923 497 967 575 8,
990 493 1043 560 ct.
1069 489 1207 582 offatim
1228 461 1311 569 ests
1350 539 1356 558 .

286 583 470 648 nesiloclie:
504 597 588 648 curo
610 591 644 645 et
664 583 867 668 concastiga
887 580 1057 644 leunsinem
1075 577 1203 665 probe,
1234 578 1299 665 qui,
1356 595 1358 601 '

249 668 434 750 dedecorat
464 679 515 750 te,
543 684 615 744 me,
646 667 775 732 amicos
799 678 899 754 utque
921 663 1010 729 ulios
1028 663 1188 754 flagitiis
1208 664 1291 728 suis.

249 755 305 818 ubi
318 777 380 818 nos
392 753 593 816 diceremus:
615 752 670 815 iob
684 751 771 816 liobe
785 775 819 816 es
831 771 929 838 gons
943 761 1024 814 sntt.
1045 751 1174 826 Cicero,
1190 770 1292 838 prue-

133 842 137 856 '
247 849 300 903 ter
315 837 380 902 duo
397 837 491 902 allatu
506 837 598 913 locs,
626 837 797 924 usurpavit
820 835 886 900 hoo
912 835 1051 900 verbum
1075 835 1110 898 in
1133 835 1233 898 Tuse.
1258 840 1291 915 2,

200 995 202 1000 y
249 929 309 1000 10,
329 923 381 988 24.
404 932 434 986 et
454 922 495 985 tle
509 923 582 986 Nat.
602 921 692 986 deor.
709 929 747 998 2,
772 923 811 986 51
825 923 928 1001 ‚'127.
951 919 1135 1006 iisdemque
1148 920 1292 1002 semini-

247 1007 307 1071 bus
322 1019 373 1070 set»
389 1007 541 1070 homines
565 1002 701 1094 affatim
723 1015 919 1080 vescuntur,
948 1015 981 1068 et
1005 1015 1118 1067 terroe
1141 1000 1293 1066 eiusdem
1338 1043 1342 1056 ι

172 1145 175 1166 ,
246 1083 385 1180 g'cneris
407 1091 566 1176 stirpium
589 1091 807 1161 renovatione
836 1087 1057 1174 complentur.
1092 1087 1150 1151 ubi
1176 1107 1290 1151 seusus

174 1209 177 1217 ·
248 1187 313 1256 est,
336 1177 477 1255 semine,
492 1175 611 1262 quibus
625 1186 731 1246 terrae
747 1174 968 1261 complentur,
984 1175 1192 1260 generatione
1208 1193 1291 1259 snp-

247 1262 394 1346 peditare
415 1262 511 1326 etinm
529 1260 705 1324 hominum
721 1260 872 1324 vescendi
888 1259 986 1322 nimis
1002 1259 1127 1342 largum
1147 1257 1292 1344 cupium.

246 1343 363 1433 Pomp.
378 1345 464 1410 Meta
479 1353 518 1426 3,
540 1351 578 1427 7,
602 1348 632 1411 5.
655 1345 832 1430 timidique
841 1343 966 1430 populi
985 1353 1018 1407 et
1039 1342 1186 1407 morinis
1212 1342 1291 1428 opi·-

246 1432 306 1496 bus
330 1429 465 1520 ostiatim
488 1431 586 1496 dites.
640 1430 853 1494 Recentiores
884 1429 1061 1514 scriptores
1098 1427 1292 1513 simpliciter

246 1517 459 1616 proqcopiose
481 1517 660 1604 ponebant.
700 1515 749 1582 Itu
770 1514 870 1582 etium
888 1513 1060 1580 Sallustius
1085 1513 1203 1600 aliique
1230 1534 1290 1578 su-

246 1604 417 1690 tiquroresi

351 1723 454 1774 Sallust.
478 1725 532 1790 Ing.
550 1720 601 1784 54,
631 1721 649 1772 6
676 1716 848 1790 frumentum
865 1729 894 1773 st
912 1717 989 1781 alia,
1008 1738 1079 1791 quas
1096 1724 1159 1776 usui
1177 1717 1289 1792 forent,

315 1805 429 1878 affatim
451 1806 587 1874 praebita.
607 1821 630 1858 c'.
650 1806 699 1871 43,
723 1805 749 1860 3.
773 1807 887 1859 Naevius
906 1805 975 1874 spud
998 1807 1120 1874 Fulgent.
1144 1807 1176 1858 de
1202 1805 1289 1876 prisco

316 1911 392 1943 serm.
409 1889 451 1944 43.
475 1911 500 1960 p.
523 1890 582 1942 805.
602 1892 714 1944 Godofr.
732 1889 884 1964 myropola
902 1889 1016 1963 affatim
1034 1890 1103 1945 mibi
1121 1901 1290 1962 unguentum

316 1975 436 2047 largitus
453 1987 511 2040 est,
534 1995 587 2047 quo
607 1996 649 2029 me
665 1989 847 2030 venustarem.
865 1976 936 2044 quod
957 1977 1070 2028 fortasse
1088 1977 1181 2045 aliquis
1201 1976 1289 2045 expli-

315 2063 387 2115 cabit
403 2064 492 2115 satis.-
516 2061 549 2112 de
574 2079 625 2128 quo
643 2059 753 2111 diximus
774 2061 862 2112 modo.
892 2061 958 2120 Plin.
976 2063 1045 2113 Hist.
1068 2081 1094 2114 n.
1113 2060 1162 2125 17,
1179 2061 1229 2126 24,
1245 2059 1290 2115 87.
1376 2046 1379 2066 ’

111 2193 114 2201 ,
209 2197 210 2202 ,
316 2150 449 2217 quoniam
468 2145 624 2215 depalatis
649 2165 682 2198 ac
700 2137 791 2216 cytiso
819 2145 848 2200 in
870 2149 1024 2217 peregrinis
1045 2142 1189 2199 arboribus
1215 2143 1290 2218 affa-

317 2236 368 2286 tim
390 2230 518 2284 diximus.
552 2229 654 2297 Apulei.
674 2229 706 2281 de
731 2233 786 2282 Deo
811 2231 884 2280 Socr.
909 2249 935 2299 p.
952 2227 1002 2298 49,
1020 2231 1064 2284 28.
1090 2234 1165 2284 cuius
1180 2226 1289 2301 generis

315 2314 384 2370 mibi
402 2311 529 2384 exempla
554 2309 671 2384 affatim
689 2325 849 2384 suppetunt.
883 2317 989 2369 Metam.
1009 2316 1033 2369 1.
1050 2335 1076 2386 p.
1093 2315 1159 2381 113,
1177 2314 1222 2375 25.
1241 2313 1289 2370 ab·

313 2397 447 2461 nuebarn,
464 2401 569 2470 quippe
586 2401 632 2468 qui
652 2399 709 2450 iam
730 2417 837 2469 coenasq
853 2398 968 2472 affatim
990 2404 1115 2472 piscatus
1139 2409 1288 2474 prospexe-

312 2502 424 2557 ramus3
439 2482 464 2534 9.
480 2502 506 2551 p.
523 2481 590 2544 221,
616 2479 657 2533 31.
679 2487 859 2556 protinusque
878 2481 1025 2554 frumento
1051 2489 1136 2540 stiam
1161 2497 1286 2558 coempto

298 2567 427 2642 ‘affatim
446 2577 577 2620 onustum
592 2593 625 2606 -
643 2566 681 2618 at
699 2568 866 2650 pistrinum,
882 2569 957 2642 quod
974 2569 1133 2633 exercebat,
1152 2573 1287 2642 perducit.

328 2672 415 2730 ⁴Mirs
436 2689 512 2766 atque
533 2697 600 2747 pene
615 2677 704 2728 hiulca
723 2687 763 2728 est
780 2679 865 2730 oratio
882 2681 968 2732 Taciti
981 2685 1048 2737 Arm.
1067 2681 1101 2746 4,
1119 2682 1163 2748 69,
1182 2686 1287 2738 interea

219 2765 241 2830 ‚'
313 2750 443 2822 Latialis
461 2757 597 2832 repertum
615 2767 644 2817 in
662 2760 776 2834 publico
797 2763 946 2830 Sabinum,
970 2767 1048 2821 velut
1064 2787 1155 2822 recens
1175 2774 1287 2842 cognita

276 2905 279 2914 ,
313 2861 490 2912 narraturus,
511 2848 624 2902 domum
642 2859 669 2901 et
688 2849 718 2902 in
735 2844 890 2901 cubiculum
905 2842 1015 2903 trabiti
1034 2858 1239 2928 praeteritaque
1259 2865 1288 2909 st

312 2933 465 3001 instantia,
489 2933 605 3007 quorum
621 2931 735 3006 affatim
759 2935 843 3003 copia
863 2954 897 2987 ac
916 2952 1005 2988 nouos
1022 2947 1137 2992 terrores
1155 2939 1286 2994 cumulat.

327 3032 368 3120 2]
391 3055 475 3118 Cum
492 3051 634 3139 genitivo
654 3051 898 3116 coniunxerunt
915 3052 1045 3120 Plautus
1061 3066 1094 3120 ot
1110 3057 1184 3140 ulii,
1214 3058 1285 3124 fre-

243 3140 457 3293 quentissime
481 3147 591 3200 sutem
612 3137 731 3244 Livius·
764 3135 828 3202 vid.
848 3136 1070 3208 Ruddimsun.
1097 3147 1129 3208 2.
1154 3145 1285 3232 p.·317.

275 3225 446 3330 umshprn.
468 3223 546 3302 115,
571 3227 601 3286 1.

254 3363 259 3372 ⁸
348 3345 443 3414 Pluun„
456 3345 526 3395 Men.
547 3341 564 3396 3
573 3341 631 3408 ,1,
653 3342 694 3393 10.
717 3339 899 3414 affatimest
929 3339 1084 3412 bominum,
1111 3343 1142 3400 in·
1159 3343 1220 3402 dies
1239 3351 1287 3421 qui

310 3428 438 3502 singulas
462 3445 538 3482 oscas
562 3426 655 3480 edunt.
691 3427 749 3478 Mil.
771 3427 806 3494 4,
828 3426 860 3493 1,
881 3426 924 3481 38.
952 3428 1009 3480 Liv.
1027 3428 1078 3495 34,
1096 3431 1147 3498 26,
1171 3433 1216 3488 10.
1237 3455 1288 3488 asc

310 3521 368 3570 iarn
387 3513 513 3576 auxilia,
537 3530 652 3584 quorum
668 3495 781 3584 affatim
798 3522 866 3566 erat.
894 3511 1011 3579 82,16,
1029 3514 1071 3570 10.
1091 3520 1155 3587 agri
1172 3516 1287 3590 affatim

312 3603 444 3656 materiae
461 3595 631 3670 praebebant
650 3598 689 3651 ad
705 3615 780 3649 nova
801 3597 941 3652 molienda
959 3616 1053 3670 opera.
1086 3603 1286 3662 Drakenborch.

238 3683 243 3688 “
311 3685 493 3753 austrumque
511 3686 598 3737 locum
614 3685 714 3752 reliqua
731 3682 848 3750 exemplu
865 3683 981 3750 collegit.

328 3805 361 3865 3.
405 3801 555 3874 Novum,
598 3822 705 3886 neque
736 3799 806 3862 eliis
840 3801 997 3888 exemplis
1029 3797 1286 3894 comprobetum

241 3908 338 3951 usum
357 3885 525 3973 conspicio
547 3886 581 3949 in
605 3885 766 3972 Spartisni
788 3882 879 3948 Alex.
905 3886 1014 3952 Sev'er.
1037 3896 1090 3954 37.
1114 3892 1186 3978 ipse
1211 3889 1285 3956 cibo

238 3971 390 4061 plurimo
404 3967 639 4057 rqiciebatur:
661 3971 742 4034 cino
755 3992 860 4057 neque
868 3993 998 4057 parce,
1018 3998 1122 4062 neque
1139 3979 1284 4061 copiose,

241 4055 380 4144 efflictim
395 4067 523 4121 tomen.
546 4056 636 4141 quod
652 4065 699 4118 est
719 4077 780 4120 neo
794 4057 954 4142 nimium,
981 4081 1197 4146 uesperum,
1226 4060 1284 4126 sed

240 4143 336 4210 sutis:
372 4141 435 4210 uisi
457 4141 695 4231 intelligamus,
726 4141 784 4229 qui
805 4142 932 4218 iustum
951 4145 1093 4211 modum
1116 4146 1283 4235 aliquanto

1251 4321 1261 4355 l
